Time,Code,Price,Action,Lot,Buyer,Seller,Market
16:14:46,MAPI,"1,165 (-2.10%)",Sell,24,XL [D],KK [D],RG
16:14:46,MAPI,"1,165 (-2.10%)",Sell,1,YP [D],KK [D],RG
16:12:28,MAPI,"1,165 (-2.10%)",Sell,40,YU [F],YP [D],RG
16:12:27,MAPI,"1,165 (-2.10%)",Sell,20,YU [F],KK [D],RG
16:12:13,MAPI,"1,165 (-2.10%)",Sell,5,YU [F],KK [D],RG
16:12:03,MAPI,"1,165 (-2.10%)",Sell,120,YU [F],GR [D],RG
16:05:34,MAPI,"1,165 (-2.10%)",Sell,80,YU [F],YP [D],RG
16:05:26,MAPI,"1,165 (-2.10%)",Sell,274,YU [F],XC [D],RG
16:03:57,MAPI,"1,165 (-2.10%)",Sell,60,YU [F],AZ [D],RG
16:03:57,MAPI,"1,165 (-2.10%)",Sell,5,YU [F],XL [D],RG
16:03:26,MAPI,"1,165 (-2.10%)",Sell,25,YU [F],KK [D],RG
16:03:16,MAPI,"1,165 (-2.10%)",Sell,1,YU [F],CP [D],RG
16:02:53,MAPI,"1,165 (-2.10%)",Sell,11,YU [F],YP [D],RG
16:02:49,MAPI,"1,165 (-2.10%)",Sell,55,YU [F],YP [D],RG
16:00:00,MAPI,"1,165 (-2.10%)",Sell,50,YU [F],CP [D],RG
16:00:00,MAPI,"1,165 (-2.10%)",Sell,20,YU [F],KK [D],RG
16:00:00,MAPI,"1,165 (-2.10%)",Buy,8,YU [F],XC [D],RG
16:00:00,MAPI,"1,165 (-2.10%)",Buy,42,YU [F],PD [D],RG
16:00:00,MAPI,"1,165 (-2.10%)",Sell,50,YU [F],XA [D],RG
16:00:00,MAPI,"1,165 (-2.10%)",Buy,25,YU [F],XL [D],RG
16:00:00,MAPI,"1,165 (-2.10%)",Sell,50,YU [F],CP [D],RG
16:00:00,MAPI,"1,165 (-2.10%)",Sell,292,YU [F],CP [D],RG
16:00:00,MAPI,"1,165 (-2.10%)",Sell,50,XL [D],CP [D],RG
16:00:00,MAPI,"1,165 (-2.10%)",Sell,10,YP [D],CP [D],RG
16:00:00,MAPI,"1,165 (-2.10%)",Sell,5,PD [D],CP [D],RG
16:00:00,MAPI,"1,165 (-2.10%)",Sell,2,PD [D],CP [D],RG
16:00:00,MAPI,"1,165 (-2.10%)",Buy,126,AK [F],CP [D],RG
16:00:00,MAPI,"1,165 (-2.10%)",Buy,813,BK [F],CP [D],RG
16:00:00,MAPI,"1,165 (-2.10%)",Buy,430,YP [D],CP [D],RG
16:00:00,MAPI,"1,165 (-2.10%)",Buy,9,YP [D],CP [D],RG
16:00:00,MAPI,"1,165 (-2.10%)",Sell,4,XL [D],CP [D],RG
16:00:00,MAPI,"1,165 (-2.10%)",Sell,5,XL [D],CP [D],RG
16:00:00,MAPI,"1,165 (-2.10%)",Sell,5,XC [D],CP [D],RG
16:00:00,MAPI,"1,165 (-2.10%)",Sell,5,XL [D],CP [D],RG
16:00:00,MAPI,"1,165 (-2.10%)",Buy,2,AT [D],CP [D],RG
16:00:00,MAPI,"1,165 (-2.10%)",Buy,100,YP [D],CP [D],RG
16:00:00,MAPI,"1,165 (-2.10%)",Sell,1,YP [D],CP [D],RG
16:00:00,MAPI,"1,165 (-2.10%)",Sell,30,XL [D],CP [D],RG
16:00:00,MAPI,"1,165 (-2.10%)",Sell,1,YP [D],CP [D],RG
16:00:00,MAPI,"1,165 (-2.10%)",Sell,30,YP [D],CP [D],RG
16:00:00,MAPI,"1,165 (-2.10%)",Sell,14,XL [D],CP [D],RG
16:00:00,MAPI,"1,165 (-2.10%)",Sell,1,XL [D],CP [D],RG
16:00:00,MAPI,"1,165 (-2.10%)",Sell,10,XL [D],CP [D],RG
16:00:00,MAPI,"1,165 (-2.10%)",Sell,25,PD [D],CP [D],RG
16:00:00,MAPI,"1,165 (-2.10%)",Sell,200,XC [D],CP [D],RG
16:00:00,MAPI,"1,165 (-2.10%)",Sell,5,PD [D],CP [D],RG
16:00:00,MAPI,"1,165 (-2.10%)",Buy,2,YP [D],CP [D],RG
16:00:00,MAPI,"1,165 (-2.10%)",Buy,2,XC [D],CP [D],RG
16:00:00,MAPI,"1,165 (-2.10%)",Sell,4,XC [D],CP [D],RG
16:00:00,MAPI,"1,165 (-2.10%)",Sell,19,XL [D],CP [D],RG
16:00:00,MAPI,"1,165 (-2.10%)",Sell,5,IF [D],CP [D],RG
16:00:00,MAPI,"1,165 (-2.10%)",Sell,4,AG [F],CP [D],RG
16:00:00,MAPI,"1,165 (-2.10%)",Sell,81,YU [D],CP [D],RG
16:00:00,MAPI,"1,165 (-2.10%)",Sell,780,YU [F],CP [D],RG
16:00:00,MAPI,"1,165 (-2.10%)",Sell,628,AK [F],CP [D],RG
16:00:00,MAPI,"1,165 (-2.10%)",Sell,5,AK [F],CP [D],RG
16:00:00,MAPI,"1,165 (-2.10%)",Sell,"1,265",AK [F],ZP [F],RG
16:00:00,MAPI,"1,165 (-2.10%)",Sell,5,AK [F],TP [F],RG
16:00:00,MAPI,"1,165 (-2.10%)",Sell,5,AK [F],TP [F],RG
16:00:00,MAPI,"1,165 (-2.10%)",Sell,1,AK [F],AK [F],RG
16:00:00,MAPI,"1,165 (-2.10%)",Sell,4,AK [F],TP [F],RG
16:00:00,MAPI,"1,165 (-2.10%)",Sell,200,AK [F],YO [D],RG
16:00:00,MAPI,"1,165 (-2.10%)",Sell,237,AK [F],TP [F],RG
16:00:00,MAPI,"1,165 (-2.10%)",Sell,46,AK [F],TP [F],RG
16:00:00,MAPI,"1,165 (-2.10%)",Sell,4,AK [F],TP [F],RG
16:00:00,MAPI,"1,165 (-2.10%)",Sell,292,AI [D],TP [F],RG
16:00:00,MAPI,"1,165 (-2.10%)",Sell,6,AI [D],OD [D],RG
16:00:00,MAPI,"1,165 (-2.10%)",Sell,14,AI [D],DR [D],RG
16:00:00,MAPI,"1,165 (-2.10%)",Sell,21,AI [D],AK [F],RG
16:00:00,MAPI,"1,165 (-2.10%)",Sell,10,AI [D],XC [D],RG
15:49:54,MAPI,"1,175 (-1.26%)",Buy,19,XL [D],XL [D],RG
15:49:46,MAPI,"1,175 (-1.26%)",Buy,617,XL [D],XL [D],RG
15:49:46,MAPI,"1,175 (-1.26%)",Buy,18,XL [D],YP [D],RG
15:49:46,MAPI,"1,175 (-1.26%)",Buy,1,XL [D],EP [D],RG
15:49:46,MAPI,"1,175 (-1.26%)",Buy,1,XL [D],YU [D],RG
15:49:46,MAPI,"1,175 (-1.26%)",Buy,5,XL [D],YP [D],RG
15:49:46,MAPI,"1,175 (-1.26%)",Buy,1,XL [D],EP [D],RG
15:49:46,MAPI,"1,175 (-1.26%)",Buy,2,XL [D],PD [D],RG
15:49:46,MAPI,"1,175 (-1.26%)",Buy,60,XL [D],PD [D],RG
15:49:46,MAPI,"1,175 (-1.26%)",Buy,8,XL [D],DH [D],RG
15:49:46,MAPI,"1,170 (-1.68%)",Buy,100,XL [D],PD [D],RG
15:49:46,MAPI,"1,170 (-1.68%)",Buy,237,XL [D],XA [D],RG
15:49:41,MAPI,"1,165 (-2.10%)",Sell,8,YU [F],SQ [D],RG
15:49:37,MAPI,"1,165 (-2.10%)",Sell,75,YU [F],SQ [D],RG
15:49:26,MAPI,"1,170 (-1.68%)",Sell,5,YP [D],XA [D],RG
15:49:26,MAPI,"1,170 (-1.68%)",Sell,1,KK [D],XA [D],RG
15:49:26,MAPI,"1,170 (-1.68%)",Sell,1,DH [D],XA [D],RG
15:49:14,MAPI,"1,175 (-1.26%)",Buy,1,BB [D],DH [D],RG
15:49:13,MAPI,"1,170 (-1.68%)",Sell,2,BK [F],XL [D],RG
15:49:11,MAPI,"1,170 (-1.68%)",Buy,300,BK [F],PD [D],RG
15:49:11,MAPI,"1,170 (-1.68%)",Buy,400,BK [F],PD [D],RG
15:49:11,MAPI,"1,170 (-1.68%)",Buy,"1,315",BK [F],AK [F],RG
15:49:11,MAPI,"1,170 (-1.68%)",Buy,13,AG [F],AK [F],RG
15:49:09,MAPI,"1,165 (-2.10%)",Sell,1,YU [F],XL [D],RG
15:48:56,MAPI,"1,165 (-2.10%)",Sell,15,YU [F],CC [D],RG
15:48:53,MAPI,"1,165 (-2.10%)",Sell,26,YU [F],XC [D],RG
15:48:51,MAPI,"1,165 (-2.10%)",Buy,20,YU [F],YP [D],RG
15:48:51,MAPI,"1,165 (-2.10%)",Buy,24,YU [F],AK [D],RG
15:48:51,MAPI,"1,165 (-2.10%)",Buy,17,YU [F],AK [D],RG
15:48:30,MAPI,"1,155 (-2.94%)",Buy,"4,301",AK [F],LG [D],RG
15:48:30,MAPI,"1,155 (-2.94%)",Sell,652,BK [F],LG [D],RG
15:48:30,MAPI,"1,155 (-2.94%)",Sell,6,BB [D],LG [D],RG
15:48:30,MAPI,"1,155 (-2.94%)",Sell,2,PD [D],LG [D],RG
15:48:30,MAPI,"1,155 (-2.94%)",Sell,1,XL [D],LG [D],RG
15:48:30,MAPI,"1,155 (-2.94%)",Sell,38,XC [D],LG [D],RG
15:48:28,MAPI,"1,170 (-1.68%)",Buy,7,KZ [D],AK [F],RG
15:48:28,MAPI,"1,170 (-1.68%)",Buy,100,KZ [D],DR [D],RG
15:48:28,MAPI,"1,170 (-1.68%)",Buy,40,KZ [D],PD [D],RG
15:48:28,MAPI,"1,170 (-1.68%)",Buy,50,KZ [D],IU [D],RG
15:48:28,MAPI,"1,170 (-1.68%)",Buy,50,KZ [D],IU [D],RG
15:48:28,MAPI,"1,170 (-1.68%)",Buy,1,KZ [D],YP [D],RG
15:48:28,MAPI,"1,170 (-1.68%)",Buy,3,KZ [D],XL [D],RG
15:48:28,MAPI,"1,170 (-1.68%)",Buy,2,KZ [D],EP [D],RG
15:48:28,MAPI,"1,170 (-1.68%)",Buy,1,KZ [D],AZ [D],RG
15:48:28,MAPI,"1,170 (-1.68%)",Buy,1,KZ [D],YU [D],RG
15:48:28,MAPI,"1,170 (-1.68%)",Buy,9,KZ [D],LG [D],RG
15:48:20,MAPI,"1,170 (-1.68%)",Buy,16,KZ [D],LG [D],RG
15:48:20,MAPI,"1,170 (-1.68%)",Buy,5,KZ [D],YP [D],RG
15:48:15,MAPI,"1,160 (-2.52%)",Sell,18,BK [F],YP [D],RG
15:48:15,MAPI,"1,160 (-2.52%)",Sell,2,YP [D],YP [D],RG
15:48:11,MAPI,"1,170 (-1.68%)",Buy,119,KZ [D],PD [D],RG
15:48:11,MAPI,"1,170 (-1.68%)",Buy,2,KZ [D],XC [D],RG
15:48:11,MAPI,"1,170 (-1.68%)",Buy,20,KZ [D],XL [D],RG
15:48:06,MAPI,"1,165 (-2.10%)",Sell,878,YU [F],CC [F],RG
15:48:06,MAPI,"1,165 (-2.10%)",Buy,2,YU [F],CC [F],RG
15:48:06,MAPI,"1,165 (-2.10%)",Buy,10,YU [F],DR [D],RG
15:48:06,MAPI,"1,165 (-2.10%)",Buy,1,YU [F],YP [D],RG
15:48:06,MAPI,"1,165 (-2.10%)",Buy,100,YU [F],PD [D],RG
15:48:06,MAPI,"1,165 (-2.10%)",Buy,100,YU [F],PD [D],RG
15:48:06,MAPI,"1,165 (-2.10%)",Buy,100,YU [F],PD [D],RG
15:48:06,MAPI,"1,165 (-2.10%)",Buy,200,YU [F],PD [D],RG
15:48:06,MAPI,"1,165 (-2.10%)",Buy,5,YU [F],YP [D],RG
15:48:06,MAPI,"1,165 (-2.10%)",Buy,100,YU [F],PD [D],RG
15:48:06,MAPI,"1,165 (-2.10%)",Buy,61,YU [F],XL [D],RG
15:48:06,MAPI,"1,165 (-2.10%)",Buy,56,YU [F],YP [D],RG
15:48:06,MAPI,"1,165 (-2.10%)",Buy,1,YU [F],YU [D],RG
15:48:06,MAPI,"1,165 (-2.10%)",Buy,100,YU [F],PD [D],RG
15:48:06,MAPI,"1,165 (-2.10%)",Buy,177,YU [F],PD [D],RG
15:48:06,MAPI,"1,160 (-2.52%)",Buy,24,YU [F],AK [D],RG
15:48:06,MAPI,"1,160 (-2.52%)",Buy,28,YU [F],AK [D],RG
15:48:06,MAPI,"1,160 (-2.52%)",Buy,26,YU [F],AK [D],RG
15:48:06,MAPI,"1,160 (-2.52%)",Buy,42,YU [F],AK [D],RG
15:48:06,MAPI,"1,160 (-2.52%)",Buy,174,YU [F],TP [F],RG
15:48:06,MAPI,"1,160 (-2.52%)",Buy,26,YU [F],AK [D],RG
15:48:06,MAPI,"1,160 (-2.52%)",Buy,401,YU [F],TP [F],RG
15:48:06,MAPI,"1,160 (-2.52%)",Buy,38,YU [F],AK [D],RG
15:48:06,MAPI,"1,160 (-2.52%)",Buy,28,YU [F],AK [D],RG
15:48:06,MAPI,"1,160 (-2.52%)",Buy,38,YU [F],AK [D],RG
15:48:06,MAPI,"1,160 (-2.52%)",Buy,34,YU [F],AK [D],RG
15:48:06,MAPI,"1,160 (-2.52%)",Buy,23,YU [F],AK [D],RG
15:48:06,MAPI,"1,160 (-2.52%)",Buy,275,YU [F],TP [F],RG
15:48:06,MAPI,"1,160 (-2.52%)",Buy,"1,876",YU [F],IF [D],RG
15:48:05,MAPI,"1,160 (-2.52%)",Buy,19,KZ [D],IF [D],RG
15:48:03,MAPI,"1,155 (-2.94%)",Sell,26,XC [D],AK [D],RG
15:47:53,MAPI,"1,160 (-2.52%)",Buy,74,XL [D],IF [D],RG
15:47:53,MAPI,"1,155 (-2.94%)",Sell,1,XC [D],CP [D],RG
15:47:53,MAPI,"1,160 (-2.52%)",Buy,135,KZ [D],IF [D],RG
15:47:47,MAPI,"1,155 (-2.94%)",Sell,21,XC [D],ZP [D],RG
15:47:47,MAPI,"1,155 (-2.94%)",Sell,50,PD [D],ZP [D],RG
15:47:47,MAPI,"1,155 (-2.94%)",Sell,13,BB [D],ZP [D],RG
15:47:47,MAPI,"1,155 (-2.94%)",Sell,2,XL [D],ZP [D],RG
15:47:47,MAPI,"1,155 (-2.94%)",Sell,1,YP [D],ZP [D],RG
15:47:47,MAPI,"1,155 (-2.94%)",Sell,96,NI [D],ZP [D],RG
15:47:47,MAPI,"1,155 (-2.94%)",Sell,50,NI [D],ZP [D],RG
15:47:47,MAPI,"1,155 (-2.94%)",Sell,190,NI [D],ZP [D],RG
15:47:43,MAPI,"1,155 (-2.94%)",Sell,15,NI [D],XL [D],RG
15:47:37,MAPI,"1,160 (-2.52%)",Buy,113,KZ [D],IF [D],RG
15:47:24,MAPI,"1,160 (-2.52%)",Buy,2,YP [D],IF [D],RG
15:47:18,MAPI,"1,160 (-2.52%)",Buy,115,KZ [D],IF [D],RG
15:47:17,MAPI,"1,160 (-2.52%)",Buy,10,AG [F],IF [D],RG
15:47:17,MAPI,"1,155 (-2.94%)",Sell,25,PD [D],PD [D],RG
15:47:17,MAPI,"1,155 (-2.94%)",Sell,63,KZ [D],PD [D],RG
15:47:17,MAPI,"1,155 (-2.94%)",Sell,2,KK [D],PD [D],RG
15:47:16,MAPI,"1,160 (-2.52%)",Buy,1,NI [D],IF [D],RG
15:47:03,MAPI,"1,155 (-2.94%)",Sell,3,KK [D],XL [D],RG
15:47:03,MAPI,"1,155 (-2.94%)",Sell,1,YP [D],XL [D],RG
15:47:03,MAPI,"1,155 (-2.94%)",Sell,9,YP [D],XL [D],RG
15:47:03,MAPI,"1,160 (-2.52%)",Buy,104,KZ [D],IF [D],RG
15:47:00,MAPI,"1,160 (-2.52%)",Buy,110,KZ [D],IF [D],RG
15:46:47,MAPI,"1,155 (-2.94%)",Sell,1,YP [D],XC [D],RG
15:46:39,MAPI,"1,160 (-2.52%)",Sell,115,KZ [D],IF [D],RG
15:46:39,MAPI,"1,160 (-2.52%)",Sell,2,YP [D],IF [D],RG
15:46:39,MAPI,"1,160 (-2.52%)",Sell,5,YP [D],IF [D],RG
15:46:39,MAPI,"1,160 (-2.52%)",Sell,5,YP [D],IF [D],RG
15:46:39,MAPI,"1,160 (-2.52%)",Sell,20,CP [D],IF [D],RG
15:46:39,MAPI,"1,160 (-2.52%)",Sell,2,PD [D],IF [D],RG
15:46:39,MAPI,"1,160 (-2.52%)",Sell,122,KZ [D],IF [D],RG
15:46:39,MAPI,"1,160 (-2.52%)",Sell,10,YP [D],IF [D],RG
15:46:39,MAPI,"1,160 (-2.52%)",Sell,37,ZP [F],IF [D],RG
15:46:39,MAPI,"1,160 (-2.52%)",Sell,"1,931",AK [F],IF [D],RG
15:46:39,MAPI,"1,160 (-2.52%)",Sell,34,ZP [F],IF [D],RG
15:46:39,MAPI,"1,160 (-2.52%)",Sell,36,ZP [F],IF [D],RG
15:46:39,MAPI,"1,160 (-2.52%)",Sell,31,BB [D],IF [D],RG
15:46:39,MAPI,"1,160 (-2.52%)",Sell,91,KZ [D],IF [D],RG
15:46:30,MAPI,"1,165 (-2.10%)",Buy,123,KZ [D],PD [D],RG
15:46:30,MAPI,"1,165 (-2.10%)",Buy,4,KZ [D],XL [D],RG
15:46:29,MAPI,"1,165 (-2.10%)",Buy,6,CC [D],XL [D],RG
15:46:29,MAPI,"1,165 (-2.10%)",Buy,6,CC [D],XL [D],RG
15:46:29,MAPI,"1,165 (-2.10%)",Buy,138,CC [D],XC [D],RG
15:46:26,MAPI,"1,165 (-2.10%)",Buy,11,BK [F],XC [D],RG
15:45:58,MAPI,"1,160 (-2.52%)",Sell,35,KZ [D],PD [D],RG
15:45:39,MAPI,"1,160 (-2.52%)",Buy,6,KZ [D],AK [F],RG
15:45:39,MAPI,"1,160 (-2.52%)",Buy,28,KZ [D],AK [D],RG
15:45:39,MAPI,"1,160 (-2.52%)",Buy,17,KZ [D],AK [D],RG
15:45:38,MAPI,"1,160 (-2.52%)",Buy,5,YP [D],AK [D],RG
15:45:34,MAPI,"1,160 (-2.52%)",Buy,1,KZ [D],AK [D],RG
15:45:34,MAPI,"1,160 (-2.52%)",Buy,178,KZ [D],AK [F],RG
15:45:34,MAPI,"1,160 (-2.52%)",Buy,162,KZ [D],AT [D],RG
15:45:30,MAPI,"1,160 (-2.52%)",Buy,36,ZP [F],AT [D],RG
15:45:27,MAPI,"1,160 (-2.52%)",Buy,36,ZP [F],AT [D],RG
15:45:23,MAPI,"1,160 (-2.52%)",Buy,16,ZP [F],AT [D],RG
15:45:21,MAPI,"1,155 (-2.94%)",Buy,31,CC [F],AK [D],RG
15:45:21,MAPI,"1,155 (-2.94%)",Buy,28,CC [F],AK [D],RG
15:45:21,MAPI,"1,155 (-2.94%)",Buy,2,CC [F],CC [F],RG
15:45:21,MAPI,"1,155 (-2.94%)",Buy,42,CC [F],AK [D],RG
15:45:21,MAPI,"1,155 (-2.94%)",Buy,9,CC [F],AK [F],RG
15:45:21,MAPI,"1,155 (-2.94%)",Buy,194,CC [F],AK [F],RG
15:45:21,MAPI,"1,155 (-2.94%)",Buy,283,CC [F],AK [F],RG
15:45:21,MAPI,"1,155 (-2.94%)",Buy,11,CC [F],AK [F],RG
15:45:21,MAPI,"1,155 (-2.94%)",Buy,9,CC [F],AK [F],RG
15:45:21,MAPI,"1,155 (-2.94%)",Buy,93,CC [F],AK [F],RG
15:45:21,MAPI,"1,155 (-2.94%)",Buy,75,AK [F],AK [F],RG
15:45:21,MAPI,"1,155 (-2.94%)",Buy,30,AK [F],AK [D],RG
15:45:21,MAPI,"1,155 (-2.94%)",Buy,26,AK [F],AK [D],RG
15:45:21,MAPI,"1,155 (-2.94%)",Buy,28,AK [F],AK [D],RG
15:45:21,MAPI,"1,155 (-2.94%)",Buy,23,AK [F],AK [D],RG
15:45:21,MAPI,"1,155 (-2.94%)",Buy,23,AK [F],AK [D],RG
15:45:21,MAPI,"1,155 (-2.94%)",Buy,12,AK [F],AK [D],RG
15:45:21,MAPI,"1,155 (-2.94%)",Buy,10,AK [F],AK [D],RG
15:45:21,MAPI,"1,155 (-2.94%)",Buy,5,AK [F],AK [D],RG
15:45:21,MAPI,"1,155 (-2.94%)",Buy,27,AK [F],AK [D],RG
15:45:21,MAPI,"1,155 (-2.94%)",Buy,6,AK [F],AK [D],RG
15:45:20,MAPI,"1,150 (-3.36%)",Sell,42,KZ [D],AK [D],RG
15:44:59,MAPI,"1,155 (-2.94%)",Buy,10,XL [D],AK [D],RG
15:44:51,MAPI,"1,155 (-2.94%)",Buy,11,ZP [F],AK [D],RG
15:44:51,MAPI,"1,155 (-2.94%)",Buy,25,ZP [F],AK [D],RG
15:44:50,MAPI,"1,150 (-3.36%)",Sell,54,KZ [D],CC [D],RG
15:44:50,MAPI,"1,150 (-3.36%)",Sell,24,YP [D],CC [D],RG
15:44:50,MAPI,"1,150 (-3.36%)",Sell,76,YP [D],CC [D],RG
15:44:50,MAPI,"1,150 (-3.36%)",Sell,11,ZP [F],CC [D],RG
15:44:50,MAPI,"1,150 (-3.36%)",Sell,23,ZP [F],CC [D],RG
15:44:50,MAPI,"1,150 (-3.36%)",Sell,1,ZP [F],CC [D],RG
15:44:50,MAPI,"1,150 (-3.36%)",Sell,1,ZP [F],CC [D],RG
15:44:50,MAPI,"1,150 (-3.36%)",Sell,17,ZP [F],CC [D],RG
15:44:50,MAPI,"1,150 (-3.36%)",Sell,19,ZP [F],CC [D],RG
15:44:50,MAPI,"1,150 (-3.36%)",Sell,1,PD [D],CC [D],RG
15:44:50,MAPI,"1,150 (-3.36%)",Sell,9,ZP [F],CC [D],RG
15:44:50,MAPI,"1,150 (-3.36%)",Sell,29,ZP [F],CC [F],RG
15:44:50,MAPI,"1,150 (-3.36%)",Sell,4,XL [D],CC [F],RG
15:44:50,MAPI,"1,150 (-3.36%)",Sell,6,XL [D],CC [F],RG
15:44:50,MAPI,"1,150 (-3.36%)",Sell,34,ZP [F],CC [F],RG
15:44:50,MAPI,"1,150 (-3.36%)",Sell,1,ZP [F],CC [D],RG
15:44:50,MAPI,"1,150 (-3.36%)",Sell,2,CC [D],CC [D],RG
15:44:50,MAPI,"1,150 (-3.36%)",Sell,1,XL [D],CC [D],RG
15:44:50,MAPI,"1,150 (-3.36%)",Sell,14,KZ [D],CC [D],RG
15:44:50,MAPI,"1,150 (-3.36%)",Sell,11,KZ [D],CC [D],RG
15:44:50,MAPI,"1,150 (-3.36%)",Sell,28,KZ [D],CC [D],RG
15:44:50,MAPI,"1,150 (-3.36%)",Sell,27,KZ [D],CC [D],RG
15:44:50,MAPI,"1,150 (-3.36%)",Sell,28,KZ [D],CC [D],RG
15:44:50,MAPI,"1,150 (-3.36%)",Sell,27,KZ [D],CC [D],RG
15:44:50,MAPI,"1,150 (-3.36%)",Sell,18,KZ [D],CC [D],RG
15:44:50,MAPI,"1,150 (-3.36%)",Sell,5,KZ [D],CC [D],RG
15:44:49,MAPI,"1,150 (-3.36%)",Sell,41,KZ [D],CC [F],RG
15:44:47,MAPI,"1,150 (-3.36%)",Sell,46,KZ [D],CC [D],RG
15:44:45,MAPI,"1,150 (-3.36%)",Sell,29,KZ [D],AK [D],RG
15:44:44,MAPI,"1,150 (-3.36%)",Sell,57,KZ [D],CC [D],RG
15:44:42,MAPI,"1,150 (-3.36%)",Sell,48,KZ [D],CC [F],RG
15:44:40,MAPI,"1,150 (-3.36%)",Sell,8,KZ [D],CC [D],RG
15:44:40,MAPI,"1,150 (-3.36%)",Sell,40,PD [D],CC [D],RG
15:44:40,MAPI,"1,150 (-3.36%)",Sell,6,XL [D],CC [D],RG
15:44:37,MAPI,"1,150 (-3.36%)",Sell,4,XL [D],XL [D],RG
15:44:37,MAPI,"1,150 (-3.36%)",Sell,2,BB [D],XL [D],RG
15:44:37,MAPI,"1,150 (-3.36%)",Sell,5,XL [D],XL [D],RG
15:44:36,MAPI,"1,150 (-3.36%)",Sell,40,XL [D],CC [D],RG
15:44:36,MAPI,"1,150 (-3.36%)",Sell,12,XL [D],CC [D],RG
15:44:34,MAPI,"1,150 (-3.36%)",Sell,45,XL [D],CC [F],RG
15:44:33,MAPI,"1,150 (-3.36%)",Sell,25,XL [D],AK [D],RG
15:44:32,MAPI,"1,150 (-3.36%)",Sell,49,XL [D],CC [D],RG
15:44:32,MAPI,"1,150 (-3.36%)",Sell,2,ZP [F],CC [D],RG
15:44:29,MAPI,"1,155 (-2.94%)",Buy,13,PD [D],CC [D],RG
15:44:29,MAPI,"1,155 (-2.94%)",Buy,19,PD [D],CC [D],RG
15:44:29,MAPI,"1,155 (-2.94%)",Buy,18,PD [D],CC [D],RG
15:44:29,MAPI,"1,155 (-2.94%)",Buy,2,PD [D],CC [D],RG
15:44:29,MAPI,"1,155 (-2.94%)",Buy,19,PD [D],CC [D],RG
15:44:29,MAPI,"1,155 (-2.94%)",Buy,7,PD [D],CC [D],RG
15:44:29,MAPI,"1,155 (-2.94%)",Buy,72,PD [D],CC [D],RG
15:44:28,MAPI,"1,150 (-3.36%)",Sell,32,ZP [F],CC [D],RG
15:44:28,MAPI,"1,150 (-3.36%)",Sell,18,ZP [F],CC [D],RG
15:44:27,MAPI,"1,155 (-2.94%)",Buy,37,ZP [F],CC [D],RG
15:44:26,MAPI,"1,150 (-3.36%)",Sell,18,ZP [F],CC [F],RG
15:44:26,MAPI,"1,150 (-3.36%)",Sell,20,YP [D],CC [F],RG
15:44:26,MAPI,"1,150 (-3.36%)",Sell,9,KZ [D],CC [F],RG
15:44:24,MAPI,"1,150 (-3.36%)",Sell,48,KZ [D],CC [D],RG
15:44:21,MAPI,"1,150 (-3.36%)",Sell,30,KZ [D],AK [D],RG
15:44:21,MAPI,"1,150 (-3.36%)",Sell,50,KZ [D],CC [D],RG
15:44:20,MAPI,"1,150 (-3.36%)",Sell,48,KZ [D],CC [D],RG
15:44:17,MAPI,"1,150 (-3.36%)",Sell,45,KZ [D],CC [F],RG
15:44:16,MAPI,"1,150 (-3.36%)",Sell,47,KZ [D],CC [D],RG
15:44:13,MAPI,"1,155 (-2.94%)",Buy,2,ZP [F],CC [D],RG
15:44:13,MAPI,"1,155 (-2.94%)",Buy,34,ZP [F],CC [D],RG
15:44:12,MAPI,"1,150 (-3.36%)",Sell,46,KZ [D],CC [D],RG
15:44:09,MAPI,"1,150 (-3.36%)",Sell,15,KZ [D],XL [D],RG
15:44:09,MAPI,"1,150 (-3.36%)",Sell,1,XL [D],XL [D],RG
15:44:09,MAPI,"1,150 (-3.36%)",Sell,34,XL [D],XL [D],RG
15:44:08,MAPI,"1,150 (-3.36%)",Sell,49,XL [D],CC [D],RG
15:44:08,MAPI,"1,150 (-3.36%)",Sell,45,XL [D],CC [F],RG
15:44:07,MAPI,"1,155 (-2.94%)",Buy,1,XL [D],CC [D],RG
15:44:05,MAPI,"1,155 (-2.94%)",Buy,19,ZP [F],CC [D],RG
15:44:05,MAPI,"1,155 (-2.94%)",Buy,19,ZP [F],CC [D],RG
15:44:04,MAPI,"1,155 (-2.94%)",Buy,8,ZP [F],CC [D],RG
15:44:04,MAPI,"1,155 (-2.94%)",Buy,20,ZP [F],AK [D],RG
15:44:04,MAPI,"1,155 (-2.94%)",Buy,8,ZP [F],CC [D],RG
15:44:03,MAPI,"1,150 (-3.36%)",Sell,45,XL [D],CC [D],RG
15:44:03,MAPI,"1,150 (-3.36%)",Sell,27,XL [D],YP [D],RG
15:44:03,MAPI,"1,150 (-3.36%)",Sell,35,ZP [F],YP [D],RG
15:44:03,MAPI,"1,150 (-3.36%)",Sell,10,YP [D],YP [D],RG
15:44:03,MAPI,"1,150 (-3.36%)",Sell,68,NI [D],YP [D],RG
15:44:03,MAPI,"1,150 (-3.36%)",Sell,36,NI [D],YP [D],RG
15:44:03,MAPI,"1,150 (-3.36%)",Sell,146,NI [D],YP [D],RG
15:44:03,MAPI,"1,150 (-3.36%)",Sell,250,AT [D],YP [D],RG
15:44:03,MAPI,"1,150 (-3.36%)",Sell,4,BK [F],YP [D],RG
15:44:03,MAPI,"1,150 (-3.36%)",Sell,174,AK [F],YP [D],RG
15:44:00,MAPI,"1,150 (-3.36%)",Sell,28,AK [F],AK [D],RG
15:43:59,MAPI,"1,150 (-3.36%)",Sell,53,AK [F],CC [D],RG
15:43:59,MAPI,"1,150 (-3.36%)",Sell,48,AK [F],CC [F],RG
15:43:57,MAPI,"1,150 (-3.36%)",Sell,48,AK [F],CC [D],RG
15:43:51,MAPI,"1,155 (-2.94%)",Buy,10,ZP [F],CC [D],RG
15:43:51,MAPI,"1,155 (-2.94%)",Buy,18,ZP [F],CC [D],RG
15:43:51,MAPI,"1,155 (-2.94%)",Buy,10,ZP [F],CC [D],RG
15:43:50,MAPI,"1,150 (-3.36%)",Sell,50,AK [F],CC [D],RG
15:43:48,MAPI,"1,150 (-3.36%)",Sell,47,AK [F],CC [F],RG
15:43:47,MAPI,"1,150 (-3.36%)",Sell,44,AK [F],CC [D],RG
15:43:46,MAPI,"1,150 (-3.36%)",Sell,27,AK [F],AK [D],RG
15:43:45,MAPI,"1,150 (-3.36%)",Sell,49,AK [F],CC [D],RG
15:43:44,MAPI,"1,150 (-3.36%)",Sell,35,AK [F],XL [D],RG
15:43:40,MAPI,"1,150 (-3.36%)",Sell,49,AK [F],CC [D],RG
15:43:37,MAPI,"1,150 (-3.36%)",Sell,46,AK [F],CC [F],RG
15:43:36,MAPI,"1,150 (-3.36%)",Sell,25,AK [F],AK [D],RG
15:43:35,MAPI,"1,150 (-3.36%)",Sell,48,AK [F],CC [D],RG
15:43:30,MAPI,"1,150 (-3.36%)",Sell,47,AK [F],CC [D],RG
15:43:27,MAPI,"1,155 (-2.94%)",Buy,1,YP [F],CC [D],RG
15:43:26,MAPI,"1,150 (-3.36%)",Sell,48,AK [F],CC [F],RG
15:43:26,MAPI,"1,150 (-3.36%)",Sell,25,AK [F],XL [D],RG
15:43:25,MAPI,"1,150 (-3.36%)",Sell,49,AK [F],CC [D],RG
15:43:25,MAPI,"1,150 (-3.36%)",Sell,23,AK [F],AK [D],RG
15:43:14,MAPI,"1,155 (-2.94%)",Buy,7,ZP [F],CC [D],RG
15:43:14,MAPI,"1,155 (-2.94%)",Buy,18,ZP [F],CC [D],RG
15:43:14,MAPI,"1,155 (-2.94%)",Buy,12,ZP [F],CC [D],RG
15:43:13,MAPI,"1,155 (-2.94%)",Buy,10,ZP [F],CC [D],RG
15:43:13,MAPI,"1,155 (-2.94%)",Buy,18,ZP [F],CC [D],RG
15:43:13,MAPI,"1,155 (-2.94%)",Buy,9,ZP [F],CC [D],RG
15:43:13,MAPI,"1,150 (-3.36%)",Sell,27,AK [F],AK [D],RG
15:43:12,MAPI,"1,150 (-3.36%)",Sell,47,AK [F],CC [D],RG
15:43:07,MAPI,"1,150 (-3.36%)",Sell,47,AK [F],CC [D],RG
15:43:02,MAPI,"1,150 (-3.36%)",Sell,50,AK [F],CC [D],RG
15:42:56,MAPI,"1,150 (-3.36%)",Sell,55,AK [F],AK [D],RG
15:42:55,MAPI,"1,155 (-2.94%)",Buy,4,XC [D],CC [D],RG
15:42:46,MAPI,"1,155 (-2.94%)",Buy,5,NI [D],CC [D],RG
15:42:46,MAPI,"1,155 (-2.94%)",Buy,18,NI [D],CC [D],RG
15:42:46,MAPI,"1,155 (-2.94%)",Buy,10,NI [D],CC [D],RG
15:42:46,MAPI,"1,155 (-2.94%)",Buy,17,NI [D],CC [D],RG
15:42:46,MAPI,"1,155 (-2.94%)",Buy,70,NI [D],CC [D],RG
15:42:43,MAPI,"1,150 (-3.36%)",Sell,46,AK [F],CC [D],RG
15:42:41,MAPI,"1,150 (-3.36%)",Sell,41,AK [F],XL [D],RG
15:42:39,MAPI,"1,150 (-3.36%)",Sell,26,AK [F],AK [D],RG
15:42:38,MAPI,"1,150 (-3.36%)",Sell,45,AK [F],CC [D],RG
15:42:33,MAPI,"1,150 (-3.36%)",Sell,45,AK [F],CC [D],RG
15:42:28,MAPI,"1,150 (-3.36%)",Sell,45,AK [F],CC [D],RG
15:42:24,MAPI,"1,150 (-3.36%)",Sell,40,AK [F],AK [D],RG
15:42:23,MAPI,"1,150 (-3.36%)",Sell,44,AK [F],CC [D],RG
15:42:18,MAPI,"1,150 (-3.36%)",Sell,15,AK [F],CC [D],RG
15:42:18,MAPI,"1,150 (-3.36%)",Sell,37,ZP [F],CC [D],RG
15:42:18,MAPI,"1,150 (-3.36%)",Sell,1,SQ [D],CC [D],RG
15:42:12,MAPI,"1,150 (-3.36%)",Sell,45,OD [D],CC [D],RG
15:42:08,MAPI,"1,150 (-3.36%)",Sell,5,OD [D],AK [D],RG
15:42:08,MAPI,"1,150 (-3.36%)",Sell,3,PD [D],AK [D],RG
15:42:08,MAPI,"1,150 (-3.36%)",Sell,3,XL [D],AK [D],RG
15:42:08,MAPI,"1,150 (-3.36%)",Sell,10,YP [D],AK [D],RG
15:42:08,MAPI,"1,150 (-3.36%)",Sell,13,XL [D],AK [D],RG
15:42:07,MAPI,"1,150 (-3.36%)",Sell,37,XL [D],CC [D],RG
15:42:07,MAPI,"1,150 (-3.36%)",Sell,1,XL [D],CC [D],RG
15:42:07,MAPI,"1,150 (-3.36%)",Sell,5,KK [D],CC [D],RG
15:42:07,MAPI,"1,150 (-3.36%)",Sell,1,PD [D],CC [D],RG
15:42:07,MAPI,"1,150 (-3.36%)",Sell,3,XA [D],CC [D],RG
15:41:58,MAPI,"1,155 (-2.94%)",Buy,7,CC [D],CC [D],RG
15:41:58,MAPI,"1,155 (-2.94%)",Buy,26,CC [D],CC [D],RG
15:41:57,MAPI,"1,155 (-2.94%)",Buy,31,ZP [F],CC [D],RG
15:41:57,MAPI,"1,155 (-2.94%)",Buy,5,ZP [F],CC [F],RG
15:41:56,MAPI,"1,155 (-2.94%)",Buy,5,ZP [F],CC [F],RG
15:41:56,MAPI,"1,155 (-2.94%)",Buy,15,ZP [F],CC [F],RG
15:41:56,MAPI,"1,155 (-2.94%)",Buy,13,ZP [F],CC [F],RG
15:41:56,MAPI,"1,155 (-2.94%)",Buy,4,ZP [F],CC [F],RG
15:41:56,MAPI,"1,150 (-3.36%)",Sell,17,XA [D],AK [D],RG
15:41:56,MAPI,"1,150 (-3.36%)",Sell,7,XC [D],AK [D],RG
15:41:55,MAPI,"1,155 (-2.94%)",Buy,6,NI [D],CC [F],RG
15:41:55,MAPI,"1,155 (-2.94%)",Buy,15,NI [D],CC [F],RG
15:41:55,MAPI,"1,155 (-2.94%)",Buy,12,NI [D],CC [F],RG
15:41:55,MAPI,"1,155 (-2.94%)",Buy,1,NI [D],CC [F],RG
15:41:55,MAPI,"1,155 (-2.94%)",Buy,15,NI [D],CC [F],RG
15:41:55,MAPI,"1,155 (-2.94%)",Buy,1,NI [D],CC [F],RG
15:41:55,MAPI,"1,155 (-2.94%)",Buy,12,NI [D],CC [F],RG
15:41:55,MAPI,"1,155 (-2.94%)",Buy,32,NI [D],CC [F],RG
15:41:55,MAPI,"1,155 (-2.94%)",Buy,26,NI [D],CC [F],RG
15:41:55,MAPI,"1,150 (-3.36%)",Sell,3,XC [D],CC [D],RG
15:41:55,MAPI,"1,150 (-3.36%)",Sell,20,XL [D],CC [D],RG
15:41:55,MAPI,"1,150 (-3.36%)",Sell,1,XL [D],CC [D],RG
15:41:55,MAPI,"1,150 (-3.36%)",Sell,20,YP [D],CC [D],RG
15:41:55,MAPI,"1,150 (-3.36%)",Sell,2,PD [D],CC [D],RG
15:41:55,MAPI,"1,150 (-3.36%)",Sell,4,XL [D],CC [D],RG
15:41:50,MAPI,"1,150 (-3.36%)",Sell,40,XL [D],CC [D],RG
15:41:50,MAPI,"1,150 (-3.36%)",Sell,5,CC [D],CC [D],RG
15:41:50,MAPI,"1,150 (-3.36%)",Sell,6,YP [D],CC [D],RG
15:41:48,MAPI,"1,150 (-3.36%)",Sell,11,YP [D],XL [D],RG
15:41:48,MAPI,"1,150 (-3.36%)",Sell,4,YP [D],XL [D],RG
15:41:45,MAPI,"1,150 (-3.36%)",Sell,22,YP [D],CC [D],RG
15:41:45,MAPI,"1,150 (-3.36%)",Sell,5,XL [D],CC [D],RG
15:41:45,MAPI,"1,150 (-3.36%)",Sell,23,PD [D],CC [D],RG
15:41:45,MAPI,"1,150 (-3.36%)",Sell,24,PD [D],AK [D],RG
15:41:45,MAPI,"1,155 (-2.94%)",Buy,14,NI [D],CC [F],RG
15:41:45,MAPI,"1,155 (-2.94%)",Buy,31,NI [D],CC [F],RG
15:41:45,MAPI,"1,155 (-2.94%)",Buy,23,NI [D],CC [F],RG
15:41:45,MAPI,"1,155 (-2.94%)",Buy,10,NI [D],CC [F],RG
15:41:45,MAPI,"1,155 (-2.94%)",Buy,25,NI [D],CC [F],RG
15:41:45,MAPI,"1,155 (-2.94%)",Buy,6,NI [D],CC [F],RG
15:41:45,MAPI,"1,155 (-2.94%)",Buy,32,NI [D],CC [F],RG
15:41:45,MAPI,"1,155 (-2.94%)",Buy,32,NI [D],CC [F],RG
15:41:45,MAPI,"1,155 (-2.94%)",Buy,51,NI [D],CC [F],RG
15:41:45,MAPI,"1,155 (-2.94%)",Buy,25,NI [D],HD [F],RG
15:41:41,MAPI,"1,155 (-2.94%)",Buy,37,ZP [F],HD [F],RG
15:41:41,MAPI,"1,155 (-2.94%)",Buy,15,ZP [F],HD [F],RG
15:41:41,MAPI,"1,155 (-2.94%)",Buy,1,ZP [F],HD [F],RG
15:41:41,MAPI,"1,155 (-2.94%)",Buy,19,ZP [F],HD [F],RG
15:41:40,MAPI,"1,150 (-3.36%)",Sell,3,PD [D],CC [D],RG
15:41:40,MAPI,"1,150 (-3.36%)",Sell,47,XA [D],CC [D],RG
15:41:37,MAPI,"1,150 (-3.36%)",Sell,47,XA [D],CC [F],RG
15:41:35,MAPI,"1,150 (-3.36%)",Sell,51,XA [D],CC [D],RG
15:41:30,MAPI,"1,150 (-3.36%)",Sell,50,XA [D],CC [D],RG
15:41:30,MAPI,"1,155 (-2.94%)",Buy,1,CP [D],XC [D],RG
15:41:26,MAPI,"1,150 (-3.36%)",Sell,46,XA [D],CC [F],RG
15:41:26,MAPI,"1,150 (-3.36%)",Sell,3,XA [D],AK [D],RG
15:41:26,MAPI,"1,150 (-3.36%)",Sell,1,ZP [D],AK [D],RG
15:41:26,MAPI,"1,150 (-3.36%)",Sell,1,YP [D],AK [D],RG
15:41:26,MAPI,"1,150 (-3.36%)",Sell,4,CC [D],AK [D],RG
15:41:26,MAPI,"1,150 (-3.36%)",Sell,6,XL [D],AK [D],RG
15:41:26,MAPI,"1,150 (-3.36%)",Sell,10,XL [D],AK [D],RG
15:41:26,MAPI,"1,150 (-3.36%)",Sell,8,CC [D],AK [D],RG
15:41:26,MAPI,"1,150 (-3.36%)",Sell,17,CC [D],AK [D],RG
15:41:26,MAPI,"1,150 (-3.36%)",Sell,11,NI [D],AK [D],RG
15:41:25,MAPI,"1,150 (-3.36%)",Sell,16,NI [D],CC [D],RG
15:41:25,MAPI,"1,150 (-3.36%)",Sell,14,NI [D],CC [D],RG
15:41:25,MAPI,"1,150 (-3.36%)",Sell,20,NI [D],CC [D],RG
15:41:20,MAPI,"1,150 (-3.36%)",Sell,38,NI [D],CC [D],RG
15:41:20,MAPI,"1,150 (-3.36%)",Sell,5,KK [D],CC [D],RG
15:41:20,MAPI,"1,150 (-3.36%)",Sell,5,AT [D],CC [D],RG
15:41:20,MAPI,"1,150 (-3.36%)",Sell,3,CC [D],CC [D],RG
15:41:19,MAPI,"1,155 (-2.94%)",Sell,5,NI [D],XC [D],RG
15:41:19,MAPI,"1,155 (-2.94%)",Sell,5,BB [D],XC [D],RG
15:41:19,MAPI,"1,155 (-2.94%)",Sell,2,KK [D],XC [D],RG
15:41:19,MAPI,"1,155 (-2.94%)",Sell,25,PD [D],XC [D],RG
15:41:19,MAPI,"1,155 (-2.94%)",Sell,14,ZP [F],XC [D],RG
15:41:15,MAPI,"1,155 (-2.94%)",Sell,22,ZP [F],CC [F],RG
15:41:15,MAPI,"1,155 (-2.94%)",Sell,25,KZ [D],CC [F],RG
15:41:15,MAPI,"1,155 (-2.94%)",Sell,50,KZ [D],CC [D],RG
15:41:11,MAPI,"1,155 (-2.94%)",Sell,50,KZ [D],CC [D],RG
15:41:05,MAPI,"1,155 (-2.94%)",Sell,51,KZ [D],CC [D],RG
15:41:05,MAPI,"1,155 (-2.94%)",Sell,36,KZ [D],AK [D],RG
15:41:04,MAPI,"1,155 (-2.94%)",Sell,46,KZ [D],CC [F],RG
15:41:00,MAPI,"1,155 (-2.94%)",Sell,50,KZ [D],CC [D],RG
15:40:55,MAPI,"1,155 (-2.94%)",Sell,50,KZ [D],CC [D],RG
15:40:53,MAPI,"1,155 (-2.94%)",Sell,1,KZ [D],CC [F],RG
15:40:53,MAPI,"1,155 (-2.94%)",Sell,20,BQ [D],CC [F],RG
15:40:53,MAPI,"1,155 (-2.94%)",Sell,25,CC [D],CC [F],RG
15:40:53,MAPI,"1,155 (-2.94%)",Sell,1,PD [D],CC [F],RG
15:40:53,MAPI,"1,160 (-2.52%)",Buy,2,KK [D],BK [F],RG
15:40:51,MAPI,"1,155 (-2.94%)",Sell,14,BB [D],AK [D],RG
15:40:51,MAPI,"1,155 (-2.94%)",Sell,10,ZP [F],AK [D],RG
15:40:50,MAPI,"1,155 (-2.94%)",Sell,27,ZP [F],CC [D],RG
15:40:50,MAPI,"1,155 (-2.94%)",Sell,23,XL [D],CC [D],RG
15:40:46,MAPI,"1,160 (-2.52%)",Buy,30,XL [D],BK [F],RG
15:40:46,MAPI,"1,155 (-2.94%)",Sell,51,XL [D],CC [D],RG
15:40:43,MAPI,"1,155 (-2.94%)",Sell,10,XL [D],XC [D],RG
15:40:42,MAPI,"1,155 (-2.94%)",Sell,46,XL [D],CC [F],RG
15:40:41,MAPI,"1,155 (-2.94%)",Sell,25,XL [D],AK [D],RG
15:40:40,MAPI,"1,155 (-2.94%)",Sell,50,XL [D],CC [D],RG
15:40:35,MAPI,"1,155 (-2.94%)",Sell,1,XL [D],CC [D],RG
15:40:35,MAPI,"1,155 (-2.94%)",Sell,49,KZ [D],CC [D],RG
15:40:31,MAPI,"1,155 (-2.94%)",Sell,46,KZ [D],CC [F],RG
15:40:30,MAPI,"1,155 (-2.94%)",Sell,45,KZ [D],CC [D],RG
15:40:30,MAPI,"1,155 (-2.94%)",Sell,23,KZ [D],AK [D],RG
15:40:30,MAPI,"1,160 (-2.52%)",Buy,36,ZP [F],BK [F],RG
15:40:29,MAPI,"1,160 (-2.52%)",Buy,35,ZP [F],BK [F],RG
15:40:26,MAPI,"1,160 (-2.52%)",Buy,35,ZP [F],BK [F],RG
15:40:26,MAPI,"1,155 (-2.94%)",Sell,1,KZ [D],XC [D],RG
15:40:26,MAPI,"1,155 (-2.94%)",Sell,148,KZ [D],BQ [D],RG
15:40:26,MAPI,"1,155 (-2.94%)",Sell,151,BK [F],BQ [D],RG
15:40:26,MAPI,"1,160 (-2.52%)",Buy,35,ZP [F],BK [F],RG
15:40:25,MAPI,"1,160 (-2.52%)",Buy,30,ZP [F],BK [F],RG
15:40:25,MAPI,"1,160 (-2.52%)",Buy,7,ZP [F],CC [D],RG
15:40:25,MAPI,"1,160 (-2.52%)",Buy,34,ZP [F],CC [D],RG
15:40:22,MAPI,"1,160 (-2.52%)",Buy,35,ZP [F],CC [D],RG
15:40:22,MAPI,"1,155 (-2.94%)",Sell,555,BK [F],BB [D],RG
15:40:22,MAPI,"1,155 (-2.94%)",Sell,241,KZ [D],BB [D],RG
15:40:22,MAPI,"1,155 (-2.94%)",Sell,1,XL [D],BB [D],RG
15:40:22,MAPI,"1,155 (-2.94%)",Sell,1,XL [D],BB [D],RG
15:40:22,MAPI,"1,155 (-2.94%)",Sell,10,YP [D],BB [D],RG
15:40:22,MAPI,"1,155 (-2.94%)",Sell,5,XL [D],BB [D],RG
15:40:22,MAPI,"1,155 (-2.94%)",Sell,50,BB [D],BB [D],RG
15:40:22,MAPI,"1,155 (-2.94%)",Sell,592,AK [F],BB [D],RG
15:40:22,MAPI,"1,155 (-2.94%)",Sell,1,AK [F],BB [D],RG
15:40:21,MAPI,"1,155 (-2.94%)",Sell,47,AK [F],CC [F],RG
15:40:19,MAPI,"1,155 (-2.94%)",Sell,32,AK [F],AK [D],RG
15:40:19,MAPI,"1,155 (-2.94%)",Sell,8,AK [F],BB [D],RG
15:40:19,MAPI,"1,155 (-2.94%)",Sell,51,AK [F],CC [D],RG
15:40:13,MAPI,"1,155 (-2.94%)",Sell,45,AK [F],CC [D],RG
15:40:10,MAPI,"1,155 (-2.94%)",Sell,10,AK [F],BB [D],RG
15:40:09,MAPI,"1,155 (-2.94%)",Sell,48,AK [F],CC [F],RG
15:40:06,MAPI,"1,160 (-2.52%)",Buy,35,ZP [F],CC [D],RG
15:40:06,MAPI,"1,155 (-2.94%)",Sell,4,AK [F],BB [D],RG
15:40:06,MAPI,"1,155 (-2.94%)",Sell,23,AK [F],AK [D],RG
15:40:05,MAPI,"1,155 (-2.94%)",Sell,50,AK [F],CC [D],RG
15:40:01,MAPI,"1,155 (-2.94%)",Sell,9,AK [F],BB [D],RG
15:40:01,MAPI,"1,155 (-2.94%)",Sell,49,AK [F],CC [D],RG
15:39:57,MAPI,"1,155 (-2.94%)",Sell,45,AK [F],CC [F],RG
15:39:54,MAPI,"1,155 (-2.94%)",Sell,45,AK [F],CC [D],RG
15:39:50,MAPI,"1,155 (-2.94%)",Sell,7,AK [F],BB [D],RG
15:39:44,MAPI,"1,160 (-2.52%)",Buy,36,ZP [F],CC [D],RG
15:39:44,MAPI,"1,155 (-2.94%)",Sell,46,AK [F],CC [D],RG
15:39:41,MAPI,"1,155 (-2.94%)",Sell,8,AK [F],BB [D],RG
15:39:38,MAPI,"1,155 (-2.94%)",Sell,47,AK [F],CC [D],RG
15:39:32,MAPI,"1,155 (-2.94%)",Sell,9,AK [F],BB [D],RG
15:39:32,MAPI,"1,155 (-2.94%)",Sell,46,AK [F],CC [D],RG
15:39:26,MAPI,"1,155 (-2.94%)",Sell,34,AK [F],CC [D],RG
15:39:26,MAPI,"1,155 (-2.94%)",Sell,1,PD [D],CC [D],RG
15:39:26,MAPI,"1,155 (-2.94%)",Sell,10,CC [D],CC [D],RG
15:39:26,MAPI,"1,155 (-2.94%)",Sell,1,AK [F],CC [D],RG
15:39:20,MAPI,"1,155 (-2.94%)",Sell,8,AK [F],CC [D],RG
15:39:20,MAPI,"1,155 (-2.94%)",Sell,10,NI [D],CC [D],RG
15:39:20,MAPI,"1,155 (-2.94%)",Sell,31,NI [D],CC [D],RG
15:39:17,MAPI,"1,155 (-2.94%)",Sell,3,NI [D],BB [D],RG
15:39:10,MAPI,"1,155 (-2.94%)",Sell,2,NI [D],BB [D],RG
15:39:10,MAPI,"1,155 (-2.94%)",Sell,2,NI [D],BB [D],RG
15:39:09,MAPI,"1,160 (-2.52%)",Buy,36,ZP [F],CC [D],RG
15:39:09,MAPI,"1,155 (-2.94%)",Sell,46,NI [D],CC [D],RG
15:38:49,MAPI,"1,155 (-2.94%)",Sell,2,NI [D],BB [D],RG
15:38:40,MAPI,"1,155 (-2.94%)",Sell,17,NI [D],XA [D],RG
15:38:30,MAPI,"1,155 (-2.94%)",Sell,1,NI [D],BB [D],RG
15:38:30,MAPI,"1,155 (-2.94%)",Sell,2,NI [D],BB [D],RG
15:38:25,MAPI,"1,160 (-2.52%)",Buy,37,ZP [F],CC [D],RG
15:38:25,MAPI,"1,155 (-2.94%)",Sell,7,NI [D],BB [D],RG
15:38:19,MAPI,"1,160 (-2.52%)",Buy,35,ZP [F],CC [D],RG
15:38:18,MAPI,"1,160 (-2.52%)",Buy,37,ZP [F],CC [D],RG
15:38:18,MAPI,"1,155 (-2.94%)",Sell,23,NI [D],BB [D],RG
15:38:18,MAPI,"1,155 (-2.94%)",Sell,114,NI [D],BB [D],RG
15:38:18,MAPI,"1,160 (-2.52%)",Buy,83,KZ [D],CC [D],RG
15:38:18,MAPI,"1,160 (-2.52%)",Buy,33,KZ [D],CC [F],RG
15:38:18,MAPI,"1,160 (-2.52%)",Buy,25,KZ [D],AK [D],RG
15:38:18,MAPI,"1,160 (-2.52%)",Buy,59,KZ [D],CC [D],RG
15:38:18,MAPI,"1,160 (-2.52%)",Buy,19,KZ [D],CC [D],RG
15:38:18,MAPI,"1,160 (-2.52%)",Buy,14,KZ [D],CC [D],RG
15:38:18,MAPI,"1,160 (-2.52%)",Buy,26,KZ [D],CC [F],RG
15:38:16,MAPI,"1,160 (-2.52%)",Buy,6,ZP [F],CC [F],RG
15:38:16,MAPI,"1,160 (-2.52%)",Buy,27,ZP [F],AK [D],RG
15:38:16,MAPI,"1,160 (-2.52%)",Buy,2,ZP [F],CC [F],RG
15:38:16,MAPI,"1,155 (-2.94%)",Sell,8,KZ [D],BB [D],RG
15:38:16,MAPI,"1,160 (-2.52%)",Buy,49,KZ [D],CC [F],RG
15:38:16,MAPI,"1,160 (-2.52%)",Buy,27,KZ [D],CC [D],RG
15:38:16,MAPI,"1,160 (-2.52%)",Buy,34,KZ [D],CC [F],RG
15:38:16,MAPI,"1,160 (-2.52%)",Buy,25,KZ [D],AK [D],RG
15:38:16,MAPI,"1,160 (-2.52%)",Buy,33,KZ [D],CC [F],RG
15:38:16,MAPI,"1,160 (-2.52%)",Buy,34,KZ [D],AK [D],RG
15:38:16,MAPI,"1,160 (-2.52%)",Buy,32,KZ [D],CC [D],RG
15:38:16,MAPI,"1,160 (-2.52%)",Buy,27,KZ [D],CC [D],RG
15:38:16,MAPI,"1,160 (-2.52%)",Buy,3,KZ [D],CC [D],RG
15:38:16,MAPI,"1,160 (-2.52%)",Buy,34,KZ [D],CC [F],RG
15:38:16,MAPI,"1,160 (-2.52%)",Buy,28,KZ [D],CC [D],RG
15:38:16,MAPI,"1,160 (-2.52%)",Buy,27,KZ [D],CC [D],RG
15:38:16,MAPI,"1,160 (-2.52%)",Buy,33,KZ [D],CC [F],RG
15:38:16,MAPI,"1,160 (-2.52%)",Buy,28,KZ [D],CC [D],RG
15:38:16,MAPI,"1,160 (-2.52%)",Buy,27,KZ [D],CC [D],RG
15:38:16,MAPI,"1,160 (-2.52%)",Buy,26,KZ [D],AK [D],RG
15:38:16,MAPI,"1,160 (-2.52%)",Buy,32,KZ [D],CC [D],RG
15:38:16,MAPI,"1,160 (-2.52%)",Buy,27,KZ [D],CC [D],RG
15:38:16,MAPI,"1,160 (-2.52%)",Buy,32,KZ [D],CC [F],RG
15:38:16,MAPI,"1,160 (-2.52%)",Buy,27,KZ [D],AK [D],RG
15:38:16,MAPI,"1,160 (-2.52%)",Buy,18,KZ [D],AK [F],RG
15:38:16,MAPI,"1,160 (-2.52%)",Buy,24,KZ [D],AK [D],RG
15:38:16,MAPI,"1,160 (-2.52%)",Buy,9,KZ [D],AK [F],RG
15:38:16,MAPI,"1,160 (-2.52%)",Buy,27,KZ [D],CC [D],RG
15:38:16,MAPI,"1,160 (-2.52%)",Buy,301,KZ [D],AK [F],RG
15:38:16,MAPI,"1,160 (-2.52%)",Buy,261,KZ [D],AK [F],RG
15:38:13,MAPI,"1,155 (-2.94%)",Sell,46,KZ [D],CC [D],RG
15:38:12,MAPI,"1,155 (-2.94%)",Sell,2,KZ [D],BB [D],RG
15:38:12,MAPI,"1,160 (-2.52%)",Buy,36,ZP [F],AK [F],RG
15:38:12,MAPI,"1,155 (-2.94%)",Sell,22,KZ [D],AK [D],RG
15:38:11,MAPI,"1,155 (-2.94%)",Sell,4,KZ [D],BB [D],RG
15:38:07,MAPI,"1,155 (-2.94%)",Sell,46,KZ [D],CC [D],RG
15:38:01,MAPI,"1,155 (-2.94%)",Sell,14,KZ [D],BB [D],RG
15:38:01,MAPI,"1,155 (-2.94%)",Sell,32,KZ [D],CC [D],RG
15:38:01,MAPI,"1,155 (-2.94%)",Sell,2,XL [D],CC [D],RG
15:38:01,MAPI,"1,155 (-2.94%)",Sell,10,XL [D],CC [D],RG
15:38:01,MAPI,"1,155 (-2.94%)",Sell,8,AK [F],CC [D],RG
15:37:56,MAPI,"1,155 (-2.94%)",Sell,2,AK [F],AK [D],RG
15:37:56,MAPI,"1,155 (-2.94%)",Sell,2,PD [D],AK [D],RG
15:37:56,MAPI,"1,155 (-2.94%)",Sell,5,CC [D],AK [D],RG
15:37:56,MAPI,"1,155 (-2.94%)",Sell,1,XC [D],AK [D],RG
15:37:56,MAPI,"1,155 (-2.94%)",Sell,5,XC [D],AK [D],RG
15:37:56,MAPI,"1,155 (-2.94%)",Sell,5,KK [D],AK [D],RG
15:37:56,MAPI,"1,155 (-2.94%)",Sell,5,AK [F],AK [D],RG
15:37:56,MAPI,"1,155 (-2.94%)",Sell,9,AK [F],CC [D],RG
15:37:56,MAPI,"1,155 (-2.94%)",Sell,11,AK [F],CC [D],RG
15:37:56,MAPI,"1,155 (-2.94%)",Sell,11,AK [F],CC [D],RG
15:37:56,MAPI,"1,155 (-2.94%)",Sell,1,AK [F],CC [D],RG
15:37:56,MAPI,"1,155 (-2.94%)",Sell,2,AK [F],CC [D],RG
15:37:56,MAPI,"1,155 (-2.94%)",Sell,11,BB [D],CC [D],RG
15:37:52,MAPI,"1,155 (-2.94%)",Sell,4,BB [D],BB [D],RG
15:37:52,MAPI,"1,160 (-2.52%)",Buy,36,ZP [F],AK [F],RG
15:37:52,MAPI,"1,155 (-2.94%)",Sell,9,BB [D],BB [D],RG
15:37:52,MAPI,"1,155 (-2.94%)",Sell,23,BB [D],CC [D],RG
15:37:52,MAPI,"1,155 (-2.94%)",Sell,23,KZ [D],CC [D],RG
15:37:48,MAPI,"1,155 (-2.94%)",Sell,45,KZ [D],CC [D],RG
15:37:44,MAPI,"1,155 (-2.94%)",Sell,8,KZ [D],BB [D],RG
15:37:44,MAPI,"1,155 (-2.94%)",Sell,46,KZ [D],CC [D],RG
15:37:40,MAPI,"1,155 (-2.94%)",Sell,45,KZ [D],CC [D],RG
15:37:36,MAPI,"1,155 (-2.94%)",Sell,1,KZ [D],BB [D],RG
15:37:36,MAPI,"1,155 (-2.94%)",Sell,45,KZ [D],CC [D],RG
15:37:32,MAPI,"1,155 (-2.94%)",Sell,51,KZ [D],CC [D],RG
15:37:11,MAPI,"1,160 (-2.52%)",Buy,78,AK [F],AK [F],RG
15:37:11,MAPI,"1,160 (-2.52%)",Buy,219,AK [F],AK [F],RG
15:37:11,MAPI,"1,160 (-2.52%)",Buy,27,AK [F],AK [D],RG
15:37:11,MAPI,"1,160 (-2.52%)",Buy,397,AK [F],AK [F],RG
15:37:11,MAPI,"1,160 (-2.52%)",Buy,1,AK [F],CC [F],RG
15:37:11,MAPI,"1,160 (-2.52%)",Buy,161,AK [F],AK [F],RG
15:37:11,MAPI,"1,160 (-2.52%)",Buy,27,AK [F],CC [D],RG
15:37:11,MAPI,"1,160 (-2.52%)",Buy,23,AK [F],AK [D],RG
15:37:11,MAPI,"1,160 (-2.52%)",Buy,467,AK [F],BK [F],RG
15:37:11,MAPI,"1,160 (-2.52%)",Buy,13,AK [F],CC [F],RG
15:37:11,MAPI,"1,160 (-2.52%)",Buy,43,AK [F],CC [D],RG
15:37:11,MAPI,"1,160 (-2.52%)",Buy,44,AK [F],CC [D],RG
15:37:03,MAPI,"1,160 (-2.52%)",Buy,40,XL [D],CC [D],RG
15:36:43,MAPI,"1,160 (-2.52%)",Buy,30,KZ [D],CC [D],RG
15:36:43,MAPI,"1,160 (-2.52%)",Buy,96,KZ [D],CC [D],RG
15:36:43,MAPI,"1,160 (-2.52%)",Buy,61,KZ [D],CC [F],RG
15:36:43,MAPI,"1,160 (-2.52%)",Buy,18,KZ [D],CC [D],RG
15:36:43,MAPI,"1,160 (-2.52%)",Buy,12,KZ [D],CC [D],RG
15:36:43,MAPI,"1,160 (-2.52%)",Buy,16,KZ [D],CC [D],RG
15:36:43,MAPI,"1,160 (-2.52%)",Buy,165,KZ [D],BB [D],RG
15:36:43,MAPI,"1,160 (-2.52%)",Buy,6,KZ [D],CC [D],RG
15:36:43,MAPI,"1,160 (-2.52%)",Buy,10,KZ [D],CC [D],RG
15:36:15,MAPI,"1,155 (-2.94%)",Sell,1,KZ [D],BB [D],RG
15:36:13,MAPI,"1,160 (-2.52%)",Buy,8,PD [D],CC [D],RG
15:36:13,MAPI,"1,160 (-2.52%)",Buy,2,PD [D],CC [F],RG
15:36:13,MAPI,"1,160 (-2.52%)",Buy,2,PD [D],CC [D],RG
15:35:51,MAPI,"1,155 (-2.94%)",Sell,2,KZ [D],BB [D],RG
15:35:44,MAPI,"1,155 (-2.94%)",Sell,10,KZ [D],XL [D],RG
15:35:39,MAPI,"1,155 (-2.94%)",Sell,9,KZ [D],NI [D],RG
15:35:31,MAPI,"1,155 (-2.94%)",Sell,4,KZ [D],BB [D],RG
15:35:30,MAPI,"1,155 (-2.94%)",Sell,40,KZ [D],XC [D],RG
15:35:12,MAPI,"1,155 (-2.94%)",Sell,25,KZ [D],BB [D],RG
15:35:12,MAPI,"1,155 (-2.94%)",Sell,9,BB [D],BB [D],RG
15:35:12,MAPI,"1,155 (-2.94%)",Sell,20,HD [F],BB [D],RG
15:35:12,MAPI,"1,155 (-2.94%)",Sell,2,XL [D],BB [D],RG
15:35:02,MAPI,"1,150 (-3.36%)",Sell,34,AK [F],BB [D],RG
15:35:02,MAPI,"1,160 (-2.52%)",Buy,16,KK [D],CC [D],RG
15:35:02,MAPI,"1,160 (-2.52%)",Buy,4,KK [D],CC [F],RG
15:35:02,MAPI,"1,160 (-2.52%)",Buy,10,BB [F],CC [F],RG
15:35:02,MAPI,"1,160 (-2.52%)",Buy,18,BB [F],CC [D],RG
15:35:02,MAPI,"1,160 (-2.52%)",Buy,19,BB [F],CC [D],RG
15:35:02,MAPI,"1,160 (-2.52%)",Buy,13,BB [F],CC [F],RG
15:35:02,MAPI,"1,160 (-2.52%)",Buy,18,BB [F],CC [D],RG
15:35:02,MAPI,"1,160 (-2.52%)",Buy,18,BB [F],CC [D],RG
15:35:02,MAPI,"1,160 (-2.52%)",Buy,19,BB [F],CC [D],RG
15:35:02,MAPI,"1,160 (-2.52%)",Buy,10,BB [F],CC [F],RG
15:35:02,MAPI,"1,160 (-2.52%)",Buy,18,BB [F],CC [D],RG
15:35:02,MAPI,"1,160 (-2.52%)",Buy,18,BB [F],CC [D],RG
15:35:02,MAPI,"1,160 (-2.52%)",Buy,18,BB [F],CC [D],RG
15:35:02,MAPI,"1,160 (-2.52%)",Buy,20,BB [F],LG [D],RG
15:35:02,MAPI,"1,160 (-2.52%)",Buy,19,BB [F],CC [D],RG
15:35:02,MAPI,"1,160 (-2.52%)",Buy,7,BB [F],CC [F],RG
15:35:02,MAPI,"1,160 (-2.52%)",Buy,250,BB [F],AT [D],RG
15:35:02,MAPI,"1,160 (-2.52%)",Buy,49,BB [F],CC [D],RG
15:35:02,MAPI,"1,160 (-2.52%)",Buy,66,BB [F],CC [F],RG
15:35:02,MAPI,"1,160 (-2.52%)",Buy,8,BB [F],CC [F],RG
15:35:02,MAPI,"1,160 (-2.52%)",Buy,96,BB [F],CC [D],RG
15:35:02,MAPI,"1,160 (-2.52%)",Buy,21,BB [F],CC [D],RG
15:35:02,MAPI,"1,160 (-2.52%)",Buy,14,BB [F],YP [D],RG
15:35:02,MAPI,"1,160 (-2.52%)",Buy,9,BB [F],AI [D],RG
15:35:02,MAPI,"1,160 (-2.52%)",Buy,5,BB [F],YP [D],RG
15:35:02,MAPI,"1,160 (-2.52%)",Buy,1,BB [F],PD [D],RG
15:35:02,MAPI,"1,160 (-2.52%)",Buy,5,BB [F],NI [D],RG
15:35:02,MAPI,"1,160 (-2.52%)",Buy,2,BB [F],XL [D],RG
15:35:02,MAPI,"1,160 (-2.52%)",Buy,7,BB [F],XL [D],RG
15:35:02,MAPI,"1,160 (-2.52%)",Buy,10,BB [F],YP [D],RG
15:35:02,MAPI,"1,160 (-2.52%)",Buy,5,BB [F],XL [D],RG
15:35:02,MAPI,"1,160 (-2.52%)",Buy,1,BB [F],YU [D],RG
15:35:02,MAPI,"1,160 (-2.52%)",Buy,1,BB [F],YU [D],RG
15:35:02,MAPI,"1,155 (-2.94%)",Buy,27,BB [F],AK [D],RG
15:35:02,MAPI,"1,155 (-2.94%)",Buy,170,BB [F],CC [D],RG
15:35:02,MAPI,"1,155 (-2.94%)",Buy,4,BB [F],PD [D],RG
15:35:02,MAPI,"1,155 (-2.94%)",Buy,25,BB [F],AK [D],RG
15:35:02,MAPI,"1,155 (-2.94%)",Buy,169,BB [F],CC [D],RG
15:35:02,MAPI,"1,155 (-2.94%)",Buy,23,BB [F],AK [D],RG
15:35:02,MAPI,"1,155 (-2.94%)",Buy,10,BB [F],AK [F],RG
15:35:02,MAPI,"1,155 (-2.94%)",Buy,25,BB [F],AK [D],RG
15:35:02,MAPI,"1,155 (-2.94%)",Buy,170,BB [F],CC [F],RG
15:35:02,MAPI,"1,155 (-2.94%)",Buy,17,BB [F],CC [F],RG
15:35:02,MAPI,"1,155 (-2.94%)",Buy,27,BB [F],AK [D],RG
15:35:02,MAPI,"1,155 (-2.94%)",Buy,37,BB [F],BB [D],RG
15:35:02,MAPI,"1,155 (-2.94%)",Buy,25,BB [F],AK [D],RG
15:35:02,MAPI,"1,155 (-2.94%)",Buy,4,BB [F],PD [D],RG
15:35:02,MAPI,"1,155 (-2.94%)",Buy,23,BB [F],AK [D],RG
15:35:02,MAPI,"1,155 (-2.94%)",Buy,9,BB [F],AK [F],RG
15:35:02,MAPI,"1,155 (-2.94%)",Buy,26,BB [F],AK [D],RG
15:35:02,MAPI,"1,155 (-2.94%)",Buy,1,BB [F],YP [D],RG
15:35:02,MAPI,"1,155 (-2.94%)",Buy,80,BB [F],CC [D],RG
15:35:02,MAPI,"1,155 (-2.94%)",Buy,69,BB [F],AK [D],RG
15:35:02,MAPI,"1,155 (-2.94%)",Buy,214,BB [F],BB [D],RG
15:35:02,MAPI,"1,155 (-2.94%)",Buy,1,BB [F],CC [F],RG
15:35:02,MAPI,"1,155 (-2.94%)",Buy,27,BB [F],CC [D],RG
15:35:02,MAPI,"1,155 (-2.94%)",Buy,92,BB [F],TP [F],RG
15:35:02,MAPI,"1,155 (-2.94%)",Buy,10,BB [F],AK [F],RG
15:35:02,MAPI,"1,155 (-2.94%)",Buy,368,BB [F],TP [F],RG
15:35:02,MAPI,"1,155 (-2.94%)",Buy,33,BB [F],CC [D],RG
15:35:02,MAPI,"1,155 (-2.94%)",Buy,322,BB [F],TP [F],RG
15:35:02,MAPI,"1,155 (-2.94%)",Buy,29,BB [F],CC [D],RG
15:35:02,MAPI,"1,155 (-2.94%)",Buy,36,BB [F],XL [D],RG
15:35:02,MAPI,"1,155 (-2.94%)",Buy,8,BB [F],AK [F],RG
15:35:02,MAPI,"1,155 (-2.94%)",Buy,57,BB [F],CC [D],RG
15:35:02,MAPI,"1,155 (-2.94%)",Buy,32,BB [F],CC [F],RG
15:35:02,MAPI,"1,155 (-2.94%)",Buy,27,BB [F],CC [D],RG
15:35:02,MAPI,"1,155 (-2.94%)",Buy,53,BB [F],CC [F],RG
15:35:02,MAPI,"1,155 (-2.94%)",Buy,29,BB [F],CC [D],RG
15:35:02,MAPI,"1,155 (-2.94%)",Buy,84,BB [F],CC [D],RG
15:35:02,MAPI,"1,155 (-2.94%)",Buy,341,BB [F],CC [D],RG
15:35:02,MAPI,"1,155 (-2.94%)",Buy,27,BB [F],CC [D],RG
15:35:02,MAPI,"1,155 (-2.94%)",Buy,81,BB [F],CC [F],RG
15:35:02,MAPI,"1,155 (-2.94%)",Buy,13,BB [F],CC [F],RG
15:35:02,MAPI,"1,155 (-2.94%)",Buy,27,BB [F],CC [D],RG
15:35:02,MAPI,"1,155 (-2.94%)",Buy,31,BB [F],CC [F],RG
15:35:02,MAPI,"1,155 (-2.94%)",Buy,4,BB [F],EP [D],RG
15:35:02,MAPI,"1,155 (-2.94%)",Buy,10,BB [F],AK [F],RG
15:35:02,MAPI,"1,155 (-2.94%)",Buy,33,BB [F],CC [F],RG
15:35:02,MAPI,"1,155 (-2.94%)",Buy,28,BB [F],CC [D],RG
15:35:02,MAPI,"1,155 (-2.94%)",Buy,33,BB [F],CC [F],RG
15:35:02,MAPI,"1,155 (-2.94%)",Buy,27,BB [F],DH [D],RG
15:35:02,MAPI,"1,155 (-2.94%)",Buy,28,BB [F],CC [D],RG
15:35:02,MAPI,"1,155 (-2.94%)",Buy,32,BB [F],CC [F],RG
15:35:02,MAPI,"1,155 (-2.94%)",Buy,28,BB [F],CC [D],RG
15:35:02,MAPI,"1,155 (-2.94%)",Buy,27,BB [F],CC [D],RG
15:35:02,MAPI,"1,155 (-2.94%)",Buy,27,BB [F],CC [D],RG
15:35:02,MAPI,"1,155 (-2.94%)",Buy,35,BB [F],CC [F],RG
15:35:02,MAPI,"1,155 (-2.94%)",Buy,28,BB [F],CC [D],RG
15:35:02,MAPI,"1,155 (-2.94%)",Buy,2,BB [F],CC [D],RG
15:34:55,MAPI,"1,150 (-3.36%)",Sell,9,AK [F],BB [D],RG
15:34:46,MAPI,"1,150 (-3.36%)",Sell,35,AK [F],AK [D],RG
15:34:46,MAPI,"1,150 (-3.36%)",Sell,18,AK [F],AK [D],RG
15:34:46,MAPI,"1,150 (-3.36%)",Sell,4,AK [F],BB [D],RG
15:34:46,MAPI,"1,150 (-3.36%)",Sell,46,AK [F],CC [D],RG
15:34:32,MAPI,"1,150 (-3.36%)",Sell,6,AK [F],BB [D],RG
15:34:31,MAPI,"1,150 (-3.36%)",Sell,45,AK [F],CC [F],RG
15:34:28,MAPI,"1,150 (-3.36%)",Sell,45,AK [F],CC [D],RG
15:34:24,MAPI,"1,150 (-3.36%)",Sell,23,AK [F],AK [D],RG
15:34:13,MAPI,"1,150 (-3.36%)",Sell,8,AK [F],BB [D],RG
15:34:11,MAPI,"1,150 (-3.36%)",Sell,45,AK [F],CC [D],RG
15:34:05,MAPI,"1,150 (-3.36%)",Sell,25,AK [F],AK [D],RG
15:34:05,MAPI,"1,155 (-2.94%)",Buy,14,XL [D],CC [D],RG
15:34:03,MAPI,"1,150 (-3.36%)",Sell,4,AK [F],BB [D],RG
15:33:54,MAPI,"1,150 (-3.36%)",Sell,6,AK [F],BB [D],RG
15:33:53,MAPI,"1,150 (-3.36%)",Sell,45,AK [F],CC [F],RG
15:33:52,MAPI,"1,150 (-3.36%)",Sell,22,AK [F],AK [D],RG
15:33:52,MAPI,"1,150 (-3.36%)",Sell,4,AK [F],AK [D],RG
15:33:52,MAPI,"1,150 (-3.36%)",Sell,47,AK [F],CC [D],RG
15:33:43,MAPI,"1,150 (-3.36%)",Sell,7,AK [F],BB [D],RG
15:33:39,MAPI,"1,150 (-3.36%)",Sell,46,AK [F],CC [D],RG
15:33:35,MAPI,"1,150 (-3.36%)",Sell,25,AK [F],AK [D],RG
15:33:35,MAPI,"1,150 (-3.36%)",Sell,8,AK [F],BB [D],RG
15:33:26,MAPI,"1,150 (-3.36%)",Sell,46,AK [F],CC [D],RG
15:33:23,MAPI,"1,150 (-3.36%)",Sell,45,AK [F],CC [F],RG
15:33:23,MAPI,"1,150 (-3.36%)",Sell,7,AK [F],BB [D],RG
15:33:18,MAPI,"1,150 (-3.36%)",Sell,4,AK [F],AK [D],RG
15:33:18,MAPI,"1,150 (-3.36%)",Sell,20,XL [D],AK [D],RG
15:33:18,MAPI,"1,150 (-3.36%)",Sell,1,XA [D],AK [D],RG
15:33:18,MAPI,"1,150 (-3.36%)",Sell,2,EP [D],AK [D],RG
15:33:18,MAPI,"1,155 (-2.94%)",Buy,1,CP [F],CC [D],RG
15:33:13,MAPI,"1,150 (-3.36%)",Sell,47,EP [D],CC [D],RG
15:33:12,MAPI,"1,150 (-3.36%)",Sell,1,EP [D],BB [D],RG
15:33:07,MAPI,"1,150 (-3.36%)",Sell,9,EP [D],XL [D],RG
15:33:05,MAPI,"1,150 (-3.36%)",Sell,6,EP [D],BB [D],RG
15:33:00,MAPI,"1,150 (-3.36%)",Sell,25,EP [D],AK [D],RG
15:33:00,MAPI,"1,150 (-3.36%)",Sell,3,EP [D],AK [D],RG
15:33:00,MAPI,"1,150 (-3.36%)",Sell,46,EP [D],CC [D],RG
15:32:56,MAPI,"1,150 (-3.36%)",Sell,9,EP [D],BB [D],RG
15:32:53,MAPI,"1,150 (-3.36%)",Sell,45,EP [D],CC [F],RG
15:32:47,MAPI,"1,150 (-3.36%)",Sell,3,EP [D],BB [D],RG
15:32:47,MAPI,"1,150 (-3.36%)",Sell,47,EP [D],CC [D],RG
15:32:43,MAPI,"1,150 (-3.36%)",Sell,15,EP [D],AK [D],RG
15:32:43,MAPI,"1,150 (-3.36%)",Sell,17,EP [D],AK [D],RG
15:32:43,MAPI,"1,150 (-3.36%)",Sell,4,EP [D],BB [D],RG
15:32:34,MAPI,"1,150 (-3.36%)",Sell,47,EP [D],CC [D],RG
15:32:33,MAPI,"1,155 (-2.94%)",Buy,2,XL [D],CC [D],RG
15:32:31,MAPI,"1,150 (-3.36%)",Sell,5,EP [D],BB [D],RG
15:32:24,MAPI,"1,150 (-3.36%)",Sell,4,EP [D],BB [D],RG
15:32:23,MAPI,"1,150 (-3.36%)",Sell,45,EP [D],CC [F],RG
15:32:23,MAPI,"1,155 (-2.94%)",Buy,5,XL [D],CC [D],RG
15:32:19,MAPI,"1,150 (-3.36%)",Sell,1,EP [D],BB [D],RG
15:32:19,MAPI,"1,150 (-3.36%)",Sell,24,EP [D],CC [D],RG
15:32:19,MAPI,"1,150 (-3.36%)",Sell,12,AK [F],CC [D],RG
15:32:19,MAPI,"1,150 (-3.36%)",Sell,10,XC [D],CC [D],RG
15:32:18,MAPI,"1,150 (-3.36%)",Sell,9,BB [D],PD [D],RG
15:32:10,MAPI,"1,150 (-3.36%)",Sell,4,BB [D],BB [D],RG
15:32:09,MAPI,"1,155 (-2.94%)",Buy,4,XL [D],CC [D],RG
15:32:09,MAPI,"1,155 (-2.94%)",Buy,6,XL [D],CC [D],RG
15:32:05,MAPI,"1,150 (-3.36%)",Sell,34,BB [D],CC [D],RG
15:32:05,MAPI,"1,150 (-3.36%)",Sell,10,DR [D],CC [D],RG
15:32:05,MAPI,"1,150 (-3.36%)",Sell,1,HD [D],CC [D],RG
15:31:58,MAPI,"1,150 (-3.36%)",Sell,9,HD [D],BB [D],RG
15:31:56,MAPI,"1,150 (-3.36%)",Sell,7,HD [D],CC [F],RG
15:31:56,MAPI,"1,150 (-3.36%)",Sell,39,XL [D],CC [F],RG
15:31:55,MAPI,"1,150 (-3.36%)",Sell,10,XL [D],BB [D],RG
15:31:55,MAPI,"1,150 (-3.36%)",Sell,44,XL [D],CC [D],RG
15:31:48,MAPI,"1,150 (-3.36%)",Sell,25,XL [D],XL [D],RG
15:31:47,MAPI,"1,150 (-3.36%)",Sell,44,XL [D],CC [D],RG
15:31:39,MAPI,"1,150 (-3.36%)",Sell,8,XL [D],BB [D],RG
15:31:39,MAPI,"1,150 (-3.36%)",Sell,44,XL [D],CC [D],RG
15:31:36,MAPI,"1,150 (-3.36%)",Sell,46,XL [D],CC [F],RG
15:31:31,MAPI,"1,150 (-3.36%)",Sell,49,XL [D],CC [D],RG
15:31:27,MAPI,"1,150 (-3.36%)",Sell,5,XL [D],BB [D],RG
15:31:22,MAPI,"1,150 (-3.36%)",Sell,9,XL [D],BB [D],RG
15:31:22,MAPI,"1,150 (-3.36%)",Sell,49,XL [D],CC [D],RG
15:31:16,MAPI,"1,150 (-3.36%)",Sell,10,XL [D],XC [D],RG
15:31:16,MAPI,"1,150 (-3.36%)",Sell,46,XL [D],CC [F],RG
15:31:13,MAPI,"1,150 (-3.36%)",Sell,5,XL [D],BB [D],RG
15:31:13,MAPI,"1,150 (-3.36%)",Sell,50,XL [D],CC [D],RG
15:31:04,MAPI,"1,150 (-3.36%)",Sell,2,XL [D],BB [D],RG
15:31:04,MAPI,"1,150 (-3.36%)",Sell,15,XL [D],CC [D],RG
15:31:04,MAPI,"1,150 (-3.36%)",Sell,7,SQ [D],CC [D],RG
15:31:04,MAPI,"1,150 (-3.36%)",Sell,3,XL [D],CC [D],RG
15:31:04,MAPI,"1,150 (-3.36%)",Sell,12,AK [F],CC [D],RG
15:31:04,MAPI,"1,150 (-3.36%)",Sell,2,AK [F],CC [D],RG
15:31:04,MAPI,"1,150 (-3.36%)",Sell,1,XL [D],CC [D],RG
15:31:04,MAPI,"1,150 (-3.36%)",Sell,3,XL [D],CC [D],RG
15:31:04,MAPI,"1,150 (-3.36%)",Sell,1,XL [D],CC [D],RG
15:31:04,MAPI,"1,150 (-3.36%)",Sell,5,XC [D],CC [D],RG
15:31:03,MAPI,"1,150 (-3.36%)",Sell,5,XC [D],AK [D],RG
15:31:03,MAPI,"1,150 (-3.36%)",Sell,2,CC [D],AK [D],RG
15:31:03,MAPI,"1,150 (-3.36%)",Sell,2,PD [D],AK [D],RG
15:31:03,MAPI,"1,150 (-3.36%)",Sell,1,XC [D],AK [D],RG
15:31:03,MAPI,"1,150 (-3.36%)",Sell,16,AK [F],AK [D],RG
15:31:03,MAPI,"1,150 (-3.36%)",Sell,11,AK [F],BB [D],RG
15:30:56,MAPI,"1,150 (-3.36%)",Sell,45,AK [F],CC [F],RG
15:30:55,MAPI,"1,150 (-3.36%)",Sell,50,AK [F],CC [D],RG
15:30:51,MAPI,"1,150 (-3.36%)",Sell,7,AK [F],BB [D],RG
15:30:50,MAPI,"1,150 (-3.36%)",Sell,27,AK [F],DH [D],RG
15:30:46,MAPI,"1,150 (-3.36%)",Sell,4,AK [F],BB [D],RG
15:30:46,MAPI,"1,150 (-3.36%)",Sell,28,AK [F],AK [D],RG
15:30:46,MAPI,"1,150 (-3.36%)",Sell,44,AK [F],CC [D],RG
15:30:38,MAPI,"1,150 (-3.36%)",Sell,6,AK [F],BB [D],RG
15:30:38,MAPI,"1,150 (-3.36%)",Sell,44,AK [F],CC [D],RG
15:30:30,MAPI,"1,150 (-3.36%)",Sell,44,AK [F],CC [D],RG
15:30:29,MAPI,"1,150 (-3.36%)",Sell,28,AK [F],AK [D],RG
15:30:29,MAPI,"1,150 (-3.36%)",Sell,4,AK [F],BB [D],RG
15:30:22,MAPI,"1,150 (-3.36%)",Sell,44,AK [F],CC [D],RG
15:30:19,MAPI,"1,150 (-3.36%)",Sell,5,AK [F],BB [D],RG
15:30:14,MAPI,"1,150 (-3.36%)",Sell,2,AK [F],BB [D],RG
15:30:14,MAPI,"1,150 (-3.36%)",Sell,49,AK [F],CC [D],RG
15:30:11,MAPI,"1,150 (-3.36%)",Sell,24,AK [F],AK [D],RG
15:30:11,MAPI,"1,150 (-3.36%)",Sell,5,AK [F],BB [D],RG
15:30:05,MAPI,"1,155 (-2.94%)",Buy,5,AT [D],CC [D],RG
15:30:05,MAPI,"1,150 (-3.36%)",Sell,46,AK [F],CC [D],RG
15:30:04,MAPI,"1,150 (-3.36%)",Sell,5,AK [F],BB [D],RG
15:29:55,MAPI,"1,150 (-3.36%)",Sell,45,AK [F],CC [D],RG
15:29:54,MAPI,"1,150 (-3.36%)",Sell,2,AK [F],BB [D],RG
15:29:54,MAPI,"1,155 (-2.94%)",Buy,10,YP [D],CC [D],RG
15:29:50,MAPI,"1,150 (-3.36%)",Sell,27,AK [F],AK [D],RG
15:29:49,MAPI,"1,150 (-3.36%)",Sell,8,AK [F],BB [D],RG
15:29:45,MAPI,"1,155 (-2.94%)",Buy,5,XL [D],CC [D],RG
15:29:44,MAPI,"1,150 (-3.36%)",Sell,45,AK [F],CC [D],RG
15:29:43,MAPI,"1,150 (-3.36%)",Sell,4,AK [F],BB [D],RG
15:29:43,MAPI,"1,150 (-3.36%)",Sell,39,AK [F],YP [D],RG
15:29:34,MAPI,"1,150 (-3.36%)",Sell,4,AK [F],BB [D],RG
15:29:33,MAPI,"1,150 (-3.36%)",Sell,45,AK [F],CC [D],RG
15:29:23,MAPI,"1,150 (-3.36%)",Sell,1,AK [F],BB [D],RG
15:29:22,MAPI,"1,150 (-3.36%)",Sell,6,AK [F],CC [D],RG
15:29:22,MAPI,"1,150 (-3.36%)",Sell,5,XL [D],CC [D],RG
15:29:22,MAPI,"1,150 (-3.36%)",Sell,30,YP [D],CC [D],RG
15:29:22,MAPI,"1,150 (-3.36%)",Sell,6,PD [D],CC [D],RG
15:29:21,MAPI,"1,150 (-3.36%)",Sell,3,PD [D],YP [D],RG
15:28:42,MAPI,"1,150 (-3.36%)",Sell,7,PD [D],BB [D],RG
15:28:42,MAPI,"1,155 (-2.94%)",Buy,1,XC [D],CC [D],RG
15:28:42,MAPI,"1,155 (-2.94%)",Buy,7,XC [D],AK [D],RG
15:28:30,MAPI,"1,150 (-3.36%)",Sell,34,PD [D],YP [D],RG
15:28:30,MAPI,"1,150 (-3.36%)",Sell,16,XL [D],YP [D],RG
15:28:30,MAPI,"1,150 (-3.36%)",Sell,23,AZ [D],YP [D],RG
15:28:01,MAPI,"1,150 (-3.36%)",Sell,7,AZ [D],BB [D],RG
15:28:01,MAPI,"1,150 (-3.36%)",Sell,25,YP [D],BB [D],RG
15:28:01,MAPI,"1,150 (-3.36%)",Sell,1,OD [D],CC [D],RG
15:28:01,MAPI,"1,150 (-3.36%)",Sell,3,AK [F],CC [D],RG
15:28:00,MAPI,"1,150 (-3.36%)",Sell,4,AK [F],BB [D],RG
15:28:00,MAPI,"1,155 (-2.94%)",Buy,18,YJ [D],AK [D],RG
15:28:00,MAPI,"1,155 (-2.94%)",Buy,1,YJ [D],AK [F],RG
15:28:00,MAPI,"1,155 (-2.94%)",Buy,27,YJ [D],CC [D],RG
15:28:00,MAPI,"1,155 (-2.94%)",Buy,38,YJ [D],CC [F],RG
15:28:00,MAPI,"1,155 (-2.94%)",Buy,66,YJ [D],CC [D],RG
15:28:00,MAPI,"1,155 (-2.94%)",Buy,58,YJ [D],CC [D],RG
15:28:00,MAPI,"1,155 (-2.94%)",Buy,15,YJ [D],CC [D],RG
15:28:00,MAPI,"1,155 (-2.94%)",Buy,58,YJ [D],CC [D],RG
15:28:00,MAPI,"1,155 (-2.94%)",Buy,1,YJ [D],CC [D],RG
15:28:00,MAPI,"1,155 (-2.94%)",Buy,137,YJ [D],BB [D],RG
15:28:00,MAPI,"1,155 (-2.94%)",Buy,86,YJ [D],TP [F],RG
15:28:00,MAPI,"1,155 (-2.94%)",Buy,484,YJ [D],TP [F],RG
15:28:00,MAPI,"1,155 (-2.94%)",Buy,27,YJ [D],AK [D],RG
15:28:00,MAPI,"1,155 (-2.94%)",Buy,53,YJ [D],CC [D],RG
15:28:00,MAPI,"1,155 (-2.94%)",Buy,224,YJ [D],TP [F],RG
15:28:00,MAPI,"1,155 (-2.94%)",Buy,10,YJ [D],AK [F],RG
15:28:00,MAPI,"1,155 (-2.94%)",Buy,1,YJ [D],CC [F],RG
15:28:00,MAPI,"1,155 (-2.94%)",Buy,14,YJ [D],OD [D],RG
15:28:00,MAPI,"1,155 (-2.94%)",Buy,204,YJ [D],TP [F],RG
15:28:00,MAPI,"1,155 (-2.94%)",Buy,293,YJ [D],TP [F],RG
15:28:00,MAPI,"1,155 (-2.94%)",Buy,60,YJ [D],SQ [D],RG
15:28:00,MAPI,"1,155 (-2.94%)",Buy,90,YJ [D],PD [D],RG
15:28:00,MAPI,"1,155 (-2.94%)",Buy,11,YJ [D],CC [F],RG
15:28:00,MAPI,"1,155 (-2.94%)",Buy,24,YJ [D],CC [F],RG
15:27:58,MAPI,"1,150 (-3.36%)",Sell,4,AK [F],OD [D],RG
15:27:58,MAPI,"1,150 (-3.36%)",Sell,1,XL [D],OD [D],RG
15:27:58,MAPI,"1,150 (-3.36%)",Sell,3,PD [D],OD [D],RG
15:27:58,MAPI,"1,150 (-3.36%)",Sell,10,KK [D],OD [D],RG
15:27:58,MAPI,"1,150 (-3.36%)",Sell,30,OD [D],OD [D],RG
15:27:53,MAPI,"1,150 (-3.36%)",Sell,1,BB [D],BB [D],RG
15:27:47,MAPI,"1,150 (-3.36%)",Sell,5,BB [D],KI [D],RG
15:27:44,MAPI,"1,150 (-3.36%)",Sell,9,BB [D],BB [D],RG
15:27:37,MAPI,"1,155 (-2.94%)",Buy,26,XC [D],CC [F],RG
15:27:37,MAPI,"1,155 (-2.94%)",Buy,74,XC [D],CC [F],RG
15:27:34,MAPI,"1,155 (-2.94%)",Buy,2,XL [D],CC [F],RG
15:27:11,MAPI,"1,150 (-3.36%)",Sell,17,BB [D],BB [D],RG
15:27:04,MAPI,"1,150 (-3.36%)",Sell,32,BB [D],XL [D],RG
15:27:04,MAPI,"1,150 (-3.36%)",Sell,157,XL [D],XL [D],RG
15:26:51,MAPI,"1,150 (-3.36%)",Sell,36,XL [D],BB [D],RG
15:26:49,MAPI,"1,150 (-3.36%)",Sell,397,XL [D],PD [D],RG
15:26:40,MAPI,"1,155 (-2.94%)",Buy,1,XL [D],CC [F],RG
15:26:17,MAPI,"1,150 (-3.36%)",Sell,1,XL [D],BB [D],RG
15:26:04,MAPI,"1,150 (-3.36%)",Sell,8,XL [D],GR [D],RG
15:25:57,MAPI,"1,150 (-3.36%)",Sell,8,XL [D],BB [D],RG
15:25:56,MAPI,"1,155 (-2.94%)",Buy,2,XC [D],CC [F],RG
15:25:49,MAPI,"1,150 (-3.36%)",Sell,86,XL [D],AG [D],RG
15:25:23,MAPI,"1,150 (-3.36%)",Sell,1,XL [D],BB [D],RG
15:25:23,MAPI,"1,155 (-2.94%)",Buy,2,CC [D],CC [F],RG
15:25:17,MAPI,"1,155 (-2.94%)",Buy,1,CC [D],CC [F],RG
15:25:16,MAPI,"1,155 (-2.94%)",Buy,10,XL [D],CC [F],RG
15:24:38,MAPI,"1,150 (-3.36%)",Sell,13,AK [F],BB [D],RG
15:24:28,MAPI,"1,155 (-2.94%)",Buy,21,ZP [F],CC [F],RG
15:24:28,MAPI,"1,155 (-2.94%)",Buy,14,ZP [F],CC [D],RG
15:24:28,MAPI,"1,155 (-2.94%)",Buy,73,ZP [F],CC [D],RG
15:24:27,MAPI,"1,150 (-3.36%)",Sell,20,AK [F],BB [D],RG
15:24:27,MAPI,"1,155 (-2.94%)",Buy,37,ZP [F],CC [D],RG
15:24:26,MAPI,"1,155 (-2.94%)",Buy,37,ZP [F],CC [D],RG
15:24:26,MAPI,"1,155 (-2.94%)",Buy,15,ZP [F],CC [D],RG
15:24:26,MAPI,"1,155 (-2.94%)",Buy,23,ZP [F],CC [D],RG
15:24:25,MAPI,"1,155 (-2.94%)",Buy,38,ZP [F],CC [D],RG
15:24:24,MAPI,"1,155 (-2.94%)",Buy,35,ZP [F],CC [D],RG
15:24:24,MAPI,"1,155 (-2.94%)",Buy,36,ZP [F],CC [D],RG
15:24:23,MAPI,"1,150 (-3.36%)",Sell,7,AK [F],BB [D],RG
15:24:23,MAPI,"1,155 (-2.94%)",Buy,38,ZP [F],CC [D],RG
15:24:23,MAPI,"1,155 (-2.94%)",Buy,36,ZP [F],CC [D],RG
15:24:23,MAPI,"1,150 (-3.36%)",Sell,13,AK [F],BB [D],RG
15:24:22,MAPI,"1,155 (-2.94%)",Buy,36,ZP [F],CC [D],RG
15:24:22,MAPI,"1,155 (-2.94%)",Buy,35,ZP [F],CC [D],RG
15:24:21,MAPI,"1,155 (-2.94%)",Buy,27,ZP [F],CC [D],RG
15:24:21,MAPI,"1,155 (-2.94%)",Buy,9,ZP [F],PD [D],RG
15:24:20,MAPI,"1,155 (-2.94%)",Buy,36,ZP [F],PD [D],RG
15:24:20,MAPI,"1,150 (-3.36%)",Sell,16,AK [F],BB [D],RG
15:24:20,MAPI,"1,155 (-2.94%)",Buy,37,ZP [F],PD [D],RG
15:24:19,MAPI,"1,155 (-2.94%)",Buy,35,ZP [F],PD [D],RG
15:24:19,MAPI,"1,155 (-2.94%)",Buy,9,ZP [F],PD [D],RG
15:24:19,MAPI,"1,155 (-2.94%)",Buy,29,ZP [F],TP [F],RG
15:24:18,MAPI,"1,155 (-2.94%)",Buy,35,ZP [F],TP [F],RG
15:24:18,MAPI,"1,155 (-2.94%)",Buy,38,ZP [F],TP [F],RG
15:24:17,MAPI,"1,155 (-2.94%)",Buy,35,ZP [F],TP [F],RG
15:24:17,MAPI,"1,150 (-3.36%)",Sell,23,AK [F],BB [D],RG
15:24:16,MAPI,"1,155 (-2.94%)",Buy,36,ZP [F],TP [F],RG
15:24:16,MAPI,"1,155 (-2.94%)",Buy,35,ZP [F],TP [F],RG
15:24:15,MAPI,"1,155 (-2.94%)",Buy,35,ZP [F],TP [F],RG
15:24:15,MAPI,"1,155 (-2.94%)",Buy,35,ZP [F],TP [F],RG
15:24:14,MAPI,"1,155 (-2.94%)",Buy,32,ZP [F],TP [F],RG
15:24:14,MAPI,"1,155 (-2.94%)",Buy,5,ZP [F],LG [D],RG
15:24:14,MAPI,"1,155 (-2.94%)",Buy,34,ZP [F],LG [D],RG
15:24:13,MAPI,"1,150 (-3.36%)",Sell,6,AK [F],BB [D],RG
15:24:13,MAPI,"1,155 (-2.94%)",Buy,21,ZP [F],LG [D],RG
15:24:13,MAPI,"1,155 (-2.94%)",Buy,13,ZP [F],TP [F],RG
15:24:13,MAPI,"1,155 (-2.94%)",Buy,1,ZP [F],CC [D],RG
15:24:13,MAPI,"1,155 (-2.94%)",Buy,2,ZP [F],CC [D],RG
15:24:12,MAPI,"1,155 (-2.94%)",Buy,38,ZP [F],CC [D],RG
15:24:12,MAPI,"1,150 (-3.36%)",Sell,32,AK [F],BB [D],RG
15:24:12,MAPI,"1,155 (-2.94%)",Buy,25,ZP [F],CC [D],RG
15:24:12,MAPI,"1,155 (-2.94%)",Buy,10,ZP [F],CC [D],RG
15:24:11,MAPI,"1,155 (-2.94%)",Buy,17,ZP [F],CC [D],RG
15:24:11,MAPI,"1,155 (-2.94%)",Buy,9,ZP [F],TP [F],RG
15:24:11,MAPI,"1,155 (-2.94%)",Buy,11,ZP [F],CC [D],RG
15:24:11,MAPI,"1,150 (-3.36%)",Sell,4,AK [F],BB [D],RG
15:24:11,MAPI,"1,155 (-2.94%)",Buy,16,ZP [F],CC [D],RG
15:24:11,MAPI,"1,155 (-2.94%)",Buy,19,ZP [F],TP [F],RG
15:24:10,MAPI,"1,150 (-3.36%)",Sell,245,AK [F],XC [D],RG
15:24:10,MAPI,"1,155 (-2.94%)",Buy,22,ZP [F],TP [F],RG
15:24:10,MAPI,"1,155 (-2.94%)",Buy,3,ZP [F],CC [F],RG
15:24:10,MAPI,"1,155 (-2.94%)",Buy,11,ZP [F],TP [F],RG
15:24:10,MAPI,"1,150 (-3.36%)",Sell,150,AK [F],BB [D],RG
15:24:10,MAPI,"1,155 (-2.94%)",Buy,5,ZP [F],TP [F],RG
15:24:10,MAPI,"1,155 (-2.94%)",Buy,32,ZP [F],TP [F],RG
15:24:09,MAPI,"1,155 (-2.94%)",Buy,3,ZP [F],TP [F],RG
15:24:09,MAPI,"1,155 (-2.94%)",Buy,27,ZP [F],CC [D],RG
15:24:09,MAPI,"1,155 (-2.94%)",Buy,6,ZP [F],TP [F],RG
15:24:08,MAPI,"1,155 (-2.94%)",Buy,34,ZP [F],TP [F],RG
15:24:06,MAPI,"1,155 (-2.94%)",Buy,26,ZP [F],TP [F],RG
15:24:04,MAPI,"1,150 (-3.36%)",Buy,28,CC [F],AK [D],RG
15:24:04,MAPI,"1,150 (-3.36%)",Buy,225,CC [F],CC [F],RG
15:24:04,MAPI,"1,150 (-3.36%)",Buy,127,CC [F],CC [D],RG
15:24:04,MAPI,"1,150 (-3.36%)",Buy,1,CC [F],CC [F],RG
15:24:04,MAPI,"1,150 (-3.36%)",Buy,24,CC [F],AK [D],RG
15:24:04,MAPI,"1,150 (-3.36%)",Buy,24,CC [F],AK [D],RG
15:24:04,MAPI,"1,150 (-3.36%)",Buy,25,CC [F],AK [D],RG
15:24:04,MAPI,"1,150 (-3.36%)",Buy,27,CC [F],AK [D],RG
15:24:04,MAPI,"1,150 (-3.36%)",Buy,26,CC [F],AK [D],RG
15:24:04,MAPI,"1,150 (-3.36%)",Buy,27,CC [F],AK [D],RG
15:24:04,MAPI,"1,150 (-3.36%)",Buy,5,CC [F],AK [F],RG
15:24:04,MAPI,"1,150 (-3.36%)",Buy,10,CC [F],AK [F],RG
15:24:04,MAPI,"1,150 (-3.36%)",Buy,9,CC [F],AK [F],RG
15:24:04,MAPI,"1,150 (-3.36%)",Buy,10,CC [F],AK [F],RG
15:24:04,MAPI,"1,150 (-3.36%)",Buy,1,CC [F],AK [F],RG
15:24:04,MAPI,"1,150 (-3.36%)",Buy,1,CC [F],AK [F],RG
15:24:04,MAPI,"1,150 (-3.36%)",Buy,1,CC [F],AK [F],RG
15:24:04,MAPI,"1,150 (-3.36%)",Buy,226,CC [F],CC [D],RG
15:24:04,MAPI,"1,150 (-3.36%)",Buy,24,CC [F],AK [D],RG
15:24:04,MAPI,"1,150 (-3.36%)",Buy,24,CC [F],AK [D],RG
15:24:04,MAPI,"1,150 (-3.36%)",Buy,27,CC [F],CC [D],RG
15:24:04,MAPI,"1,150 (-3.36%)",Buy,28,CC [F],CC [D],RG
15:24:04,MAPI,"1,150 (-3.36%)",Buy,27,CC [F],CC [D],RG
15:24:04,MAPI,"1,150 (-3.36%)",Buy,6,CC [F],CC [D],RG
15:24:04,MAPI,"1,150 (-3.36%)",Buy,29,CC [F],CC [D],RG
15:24:04,MAPI,"1,150 (-3.36%)",Buy,27,CC [F],CC [D],RG
15:24:04,MAPI,"1,150 (-3.36%)",Buy,28,CC [F],CC [D],RG
15:24:04,MAPI,"1,150 (-3.36%)",Buy,29,CC [F],CC [D],RG
15:24:04,MAPI,"1,150 (-3.36%)",Buy,174,CC [F],CC [D],RG
15:24:04,MAPI,"1,150 (-3.36%)",Buy,17,CC [F],CC [D],RG
15:24:04,MAPI,"1,150 (-3.36%)",Buy,52,CC [F],CC [D],RG
15:24:04,MAPI,"1,150 (-3.36%)",Buy,15,CC [F],CC [D],RG
15:24:04,MAPI,"1,150 (-3.36%)",Buy,74,CC [F],CC [D],RG
15:24:04,MAPI,"1,150 (-3.36%)",Buy,52,CC [F],CC [D],RG
15:24:04,MAPI,"1,150 (-3.36%)",Buy,51,CC [F],CC [D],RG
15:24:04,MAPI,"1,150 (-3.36%)",Buy,1,CC [F],CC [F],RG
15:24:04,MAPI,"1,150 (-3.36%)",Buy,1,CC [F],CC [F],RG
15:24:04,MAPI,"1,150 (-3.36%)",Buy,1,CC [F],CC [F],RG
15:24:04,MAPI,"1,150 (-3.36%)",Buy,1,CC [F],CC [F],RG
15:24:04,MAPI,"1,150 (-3.36%)",Buy,1,CC [F],CC [F],RG
15:24:04,MAPI,"1,150 (-3.36%)",Buy,1,CC [F],CC [F],RG
15:24:04,MAPI,"1,150 (-3.36%)",Buy,1,CC [F],CC [F],RG
15:24:04,MAPI,"1,150 (-3.36%)",Buy,1,CC [F],CC [F],RG
15:24:04,MAPI,"1,150 (-3.36%)",Buy,1,CC [F],CC [F],RG
15:24:04,MAPI,"1,150 (-3.36%)",Buy,31,CC [F],CC [F],RG
15:24:04,MAPI,"1,150 (-3.36%)",Buy,45,CC [F],CC [F],RG
15:24:04,MAPI,"1,150 (-3.36%)",Buy,6,CC [F],CC [F],RG
15:24:04,MAPI,"1,150 (-3.36%)",Buy,35,ZP [F],CC [F],RG
15:24:04,MAPI,"1,150 (-3.36%)",Buy,2,ZP [F],CC [F],RG
15:24:02,MAPI,"1,150 (-3.36%)",Buy,31,ZP [F],CC [F],RG
15:24:02,MAPI,"1,150 (-3.36%)",Buy,3,ZP [F],CC [F],RG
15:24:00,MAPI,"1,150 (-3.36%)",Buy,29,ZP [F],CC [F],RG
15:24:00,MAPI,"1,150 (-3.36%)",Buy,7,ZP [F],CC [F],RG
15:23:57,MAPI,"1,150 (-3.36%)",Buy,37,ZP [F],CC [F],RG
15:23:57,MAPI,"1,145 (-3.78%)",Sell,3,CC [D],BB [D],RG
15:23:57,MAPI,"1,150 (-3.36%)",Buy,21,GR [D],CC [F],RG
15:23:57,MAPI,"1,150 (-3.36%)",Buy,25,GR [D],AK [D],RG
15:23:57,MAPI,"1,150 (-3.36%)",Buy,54,GR [D],BB [D],RG
15:23:57,MAPI,"1,150 (-3.36%)",Buy,12,GR [D],AK [D],RG
15:23:57,MAPI,"1,150 (-3.36%)",Buy,3,GR [D],CC [D],RG
15:23:57,MAPI,"1,150 (-3.36%)",Buy,4,GR [D],CC [D],RG
15:23:57,MAPI,"1,150 (-3.36%)",Buy,27,GR [D],CC [D],RG
15:23:57,MAPI,"1,150 (-3.36%)",Buy,1,GR [D],CC [D],RG
15:23:57,MAPI,"1,150 (-3.36%)",Buy,1,GR [D],CC [D],RG
15:23:57,MAPI,"1,150 (-3.36%)",Buy,6,GR [D],CC [D],RG
15:23:57,MAPI,"1,150 (-3.36%)",Buy,16,GR [D],CC [D],RG
15:23:57,MAPI,"1,150 (-3.36%)",Buy,55,GR [D],CC [D],RG
15:23:57,MAPI,"1,150 (-3.36%)",Buy,60,GR [D],CC [D],RG
15:23:57,MAPI,"1,150 (-3.36%)",Buy,49,GR [D],CC [D],RG
15:23:57,MAPI,"1,150 (-3.36%)",Buy,46,GR [D],CC [D],RG
15:23:57,MAPI,"1,150 (-3.36%)",Buy,120,GR [D],AG [D],RG
15:23:55,MAPI,"1,150 (-3.36%)",Buy,34,ZP [F],AG [D],RG
15:23:53,MAPI,"1,145 (-3.78%)",Sell,48,CC [D],BB [D],RG
15:23:53,MAPI,"1,145 (-3.78%)",Sell,254,CC [D],BB [D],RG
15:23:53,MAPI,"1,145 (-3.78%)",Sell,5,XL [D],BB [D],RG
15:23:53,MAPI,"1,145 (-3.78%)",Sell,10,XC [D],BB [D],RG
15:23:53,MAPI,"1,145 (-3.78%)",Sell,200,PD [D],BB [D],RG
15:23:53,MAPI,"1,145 (-3.78%)",Sell,50,CC [D],BB [D],RG
15:23:53,MAPI,"1,145 (-3.78%)",Sell,30,DH [D],BB [D],RG
15:23:53,MAPI,"1,145 (-3.78%)",Sell,2,PD [D],BB [D],RG
15:23:53,MAPI,"1,145 (-3.78%)",Sell,5,YP [D],BB [D],RG
15:23:53,MAPI,"1,145 (-3.78%)",Sell,5,YP [D],BB [D],RG
15:23:53,MAPI,"1,145 (-3.78%)",Sell,50,AI [D],BB [D],RG
15:23:53,MAPI,"1,145 (-3.78%)",Sell,8,YP [D],BB [D],RG
15:23:53,MAPI,"1,145 (-3.78%)",Sell,2,YP [D],BB [D],RG
15:23:53,MAPI,"1,145 (-3.78%)",Sell,1,PD [D],BB [D],RG
15:23:53,MAPI,"1,145 (-3.78%)",Sell,20,YP [D],BB [D],RG
15:23:53,MAPI,"1,145 (-3.78%)",Sell,1,PD [D],BB [D],RG
15:23:53,MAPI,"1,145 (-3.78%)",Sell,10,YP [D],BB [D],RG
15:23:53,MAPI,"1,145 (-3.78%)",Sell,256,YP [D],BB [D],RG
15:23:53,MAPI,"1,150 (-3.36%)",Buy,3,XL [D],AG [D],RG
15:23:53,MAPI,"1,150 (-3.36%)",Buy,36,ZP [F],AG [D],RG
15:23:51,MAPI,"1,150 (-3.36%)",Buy,2,XL [D],AG [D],RG
15:23:50,MAPI,"1,145 (-3.78%)",Sell,10,YP [D],XL [D],RG
15:23:50,MAPI,"1,145 (-3.78%)",Sell,483,YP [D],XL [D],RG
15:23:50,MAPI,"1,145 (-3.78%)",Sell,1,YP [D],XL [D],RG
15:23:50,MAPI,"1,145 (-3.78%)",Sell,50,YP [D],PD [D],RG
15:23:50,MAPI,"1,145 (-3.78%)",Sell,5,XL [D],PD [D],RG
15:23:50,MAPI,"1,145 (-3.78%)",Sell,1,XL [D],PD [D],RG
15:23:50,MAPI,"1,145 (-3.78%)",Sell,40,CC [D],PD [D],RG
15:23:50,MAPI,"1,145 (-3.78%)",Sell,104,XL [D],PD [D],RG
15:23:50,MAPI,"1,150 (-3.36%)",Buy,37,ZP [F],AG [D],RG
15:23:50,MAPI,"1,145 (-3.78%)",Sell,46,XL [D],CC [D],RG
15:23:49,MAPI,"1,150 (-3.36%)",Buy,41,XC [D],AG [D],RG
15:23:48,MAPI,"1,150 (-3.36%)",Buy,35,ZP [F],AG [D],RG
15:23:46,MAPI,"1,150 (-3.36%)",Buy,37,ZP [F],AG [D],RG
15:23:43,MAPI,"1,150 (-3.36%)",Buy,35,ZP [F],AG [D],RG
15:23:43,MAPI,"1,150 (-3.36%)",Buy,1,XL [D],AG [D],RG
15:23:43,MAPI,"1,150 (-3.36%)",Buy,73,BB [D],AG [D],RG
15:23:43,MAPI,"1,150 (-3.36%)",Sell,6,XL [D],AG [D],RG
15:23:43,MAPI,"1,150 (-3.36%)",Sell,37,ZP [F],AG [D],RG
15:23:43,MAPI,"1,150 (-3.36%)",Sell,1,KK [D],AG [D],RG
15:23:43,MAPI,"1,150 (-3.36%)",Sell,37,ZP [F],AG [D],RG
15:23:43,MAPI,"1,150 (-3.36%)",Sell,12,AK [F],AG [D],RG
15:23:43,MAPI,"1,150 (-3.36%)",Sell,1,XC [D],AG [D],RG
15:23:43,MAPI,"1,150 (-3.36%)",Sell,2,CC [D],AG [D],RG
15:23:43,MAPI,"1,150 (-3.36%)",Sell,2,AK [F],AG [D],RG
15:23:43,MAPI,"1,150 (-3.36%)",Sell,89,XL [D],AG [D],RG
15:23:43,MAPI,"1,150 (-3.36%)",Sell,1,XC [D],AG [D],RG
15:23:43,MAPI,"1,150 (-3.36%)",Sell,11,AK [F],AG [D],RG
15:23:43,MAPI,"1,150 (-3.36%)",Sell,2,XL [D],AG [D],RG
15:23:43,MAPI,"1,150 (-3.36%)",Sell,22,XC [D],AG [D],RG
15:23:43,MAPI,"1,150 (-3.36%)",Sell,4,PD [D],AG [D],RG
15:23:43,MAPI,"1,150 (-3.36%)",Sell,44,XC [D],AG [D],RG
15:23:43,MAPI,"1,150 (-3.36%)",Sell,1,XL [D],AG [D],RG
15:23:43,MAPI,"1,150 (-3.36%)",Sell,3,XL [D],AG [D],RG
15:23:43,MAPI,"1,150 (-3.36%)",Sell,25,XL [D],AG [D],RG
15:23:43,MAPI,"1,150 (-3.36%)",Sell,1,XC [D],AG [D],RG
15:23:43,MAPI,"1,150 (-3.36%)",Sell,10,YP [D],AG [D],RG
15:23:43,MAPI,"1,150 (-3.36%)",Sell,12,AK [F],AG [D],RG
15:23:43,MAPI,"1,150 (-3.36%)",Sell,15,ZP [D],AG [D],RG
15:23:43,MAPI,"1,150 (-3.36%)",Sell,10,XL [D],AG [D],RG
15:23:43,MAPI,"1,150 (-3.36%)",Sell,2,PD [D],AG [D],RG
15:23:43,MAPI,"1,150 (-3.36%)",Sell,42,XL [D],AG [D],RG
15:23:43,MAPI,"1,150 (-3.36%)",Sell,10,XL [D],AG [D],RG
15:23:43,MAPI,"1,150 (-3.36%)",Sell,2,AK [F],AG [D],RG
15:23:43,MAPI,"1,150 (-3.36%)",Sell,40,AZ [D],AG [D],RG
15:23:43,MAPI,"1,150 (-3.36%)",Sell,5,XL [D],AG [D],RG
15:23:43,MAPI,"1,150 (-3.36%)",Sell,11,AK [F],AG [D],RG
15:23:43,MAPI,"1,150 (-3.36%)",Sell,10,XL [D],AG [D],RG
15:23:43,MAPI,"1,150 (-3.36%)",Sell,200,PD [D],AG [D],RG
15:23:43,MAPI,"1,150 (-3.36%)",Sell,290,AK [F],AG [D],RG
15:23:43,MAPI,"1,150 (-3.36%)",Sell,50,YP [D],AG [D],RG
15:23:43,MAPI,"1,150 (-3.36%)",Sell,"1,218",BK [F],AG [D],RG
15:23:43,MAPI,"1,150 (-3.36%)",Sell,70,CC [D],AG [D],RG
15:23:43,MAPI,"1,150 (-3.36%)",Sell,100,CC [D],AG [D],RG
15:23:43,MAPI,"1,150 (-3.36%)",Sell,8,XL [D],AG [D],RG
15:23:43,MAPI,"1,150 (-3.36%)",Sell,10,XC [D],AG [D],RG
15:23:43,MAPI,"1,150 (-3.36%)",Sell,1,XL [D],AG [D],RG
15:23:43,MAPI,"1,150 (-3.36%)",Sell,2,XL [D],AG [D],RG
15:23:43,MAPI,"1,150 (-3.36%)",Sell,100,BB [D],AG [D],RG
15:23:43,MAPI,"1,150 (-3.36%)",Sell,1,PD [D],AG [D],RG
15:23:43,MAPI,"1,150 (-3.36%)",Sell,3,XC [D],AG [D],RG
15:23:43,MAPI,"1,150 (-3.36%)",Sell,10,GR [D],AG [D],RG
15:23:43,MAPI,"1,150 (-3.36%)",Sell,10,AK [F],AG [D],RG
15:23:43,MAPI,"1,150 (-3.36%)",Sell,10,NI [D],AG [D],RG
15:23:43,MAPI,"1,150 (-3.36%)",Sell,8,XL [D],AG [D],RG
15:23:43,MAPI,"1,150 (-3.36%)",Sell,200,PD [D],AG [D],RG
15:23:43,MAPI,"1,150 (-3.36%)",Sell,1,XL [D],AG [D],RG
15:23:43,MAPI,"1,150 (-3.36%)",Sell,100,PD [D],AG [D],RG
15:23:43,MAPI,"1,150 (-3.36%)",Sell,40,XL [D],AG [D],RG
15:23:43,MAPI,"1,150 (-3.36%)",Sell,100,XA [D],AG [D],RG
15:23:43,MAPI,"1,150 (-3.36%)",Sell,9,XL [D],AG [D],RG
15:23:43,MAPI,"1,150 (-3.36%)",Sell,200,YP [D],AG [D],RG
15:23:43,MAPI,"1,150 (-3.36%)",Sell,10,LG [D],AG [D],RG
15:23:43,MAPI,"1,150 (-3.36%)",Sell,2,AK [F],AG [D],RG
15:23:43,MAPI,"1,150 (-3.36%)",Sell,1,XL [D],AG [D],RG
15:23:43,MAPI,"1,150 (-3.36%)",Sell,12,AK [F],AG [D],RG
15:23:43,MAPI,"1,150 (-3.36%)",Sell,7,XC [D],AG [D],RG
15:23:43,MAPI,"1,150 (-3.36%)",Sell,25,PD [D],AG [D],RG
15:23:43,MAPI,"1,150 (-3.36%)",Sell,9,XL [D],AG [D],RG
15:23:43,MAPI,"1,150 (-3.36%)",Sell,3,XL [D],AG [D],RG
15:23:43,MAPI,"1,150 (-3.36%)",Sell,15,XC [D],AG [D],RG
15:23:43,MAPI,"1,150 (-3.36%)",Sell,1,PD [D],AG [D],RG
15:23:43,MAPI,"1,150 (-3.36%)",Sell,48,XL [D],AG [D],RG
15:23:43,MAPI,"1,150 (-3.36%)",Sell,3,XL [D],AG [D],RG
15:23:43,MAPI,"1,150 (-3.36%)",Sell,10,AK [F],AG [D],RG
15:23:43,MAPI,"1,150 (-3.36%)",Sell,9,XL [D],AG [D],RG
15:23:43,MAPI,"1,150 (-3.36%)",Sell,1,PD [D],AG [D],RG
15:23:43,MAPI,"1,150 (-3.36%)",Sell,10,YP [D],AG [D],RG
15:23:43,MAPI,"1,150 (-3.36%)",Sell,500,OD [D],AG [D],RG
15:23:43,MAPI,"1,150 (-3.36%)",Sell,20,XL [D],AG [D],RG
15:23:43,MAPI,"1,150 (-3.36%)",Sell,23,BB [D],AG [D],RG
15:23:43,MAPI,"1,150 (-3.36%)",Sell,2,XL [D],AG [D],RG
15:23:43,MAPI,"1,150 (-3.36%)",Sell,25,YP [D],AG [D],RG
15:23:43,MAPI,"1,150 (-3.36%)",Sell,500,PD [D],AG [D],RG
15:23:43,MAPI,"1,150 (-3.36%)",Sell,1,XL [D],AG [D],RG
15:23:43,MAPI,"1,150 (-3.36%)",Sell,10,OD [D],AG [D],RG
15:23:43,MAPI,"1,150 (-3.36%)",Sell,5,XL [D],AG [D],RG
15:23:43,MAPI,"1,150 (-3.36%)",Sell,1,CC [D],AG [D],RG
15:23:43,MAPI,"1,150 (-3.36%)",Sell,5,XL [D],AG [D],RG
15:23:43,MAPI,"1,150 (-3.36%)",Sell,2,CC [D],AG [D],RG
15:23:43,MAPI,"1,150 (-3.36%)",Sell,2,YP [D],AG [D],RG
15:23:43,MAPI,"1,150 (-3.36%)",Sell,5,YP [D],AG [D],RG
15:23:43,MAPI,"1,150 (-3.36%)",Sell,2,CC [D],AG [D],RG
15:23:43,MAPI,"1,150 (-3.36%)",Sell,16,XL [D],AG [D],RG
15:23:43,MAPI,"1,150 (-3.36%)",Sell,1,KK [D],AG [D],RG
15:23:43,MAPI,"1,150 (-3.36%)",Sell,174,XL [D],AG [D],RG
15:23:43,MAPI,"1,150 (-3.36%)",Sell,1,XC [D],AG [D],RG
15:23:43,MAPI,"1,150 (-3.36%)",Sell,15,BK [F],AG [D],RG
15:23:43,MAPI,"1,150 (-3.36%)",Sell,5,YP [D],AG [D],RG
15:23:43,MAPI,"1,150 (-3.36%)",Sell,1,XL [D],AG [D],RG
15:23:43,MAPI,"1,150 (-3.36%)",Sell,350,XC [D],AG [D],RG
15:23:43,MAPI,"1,150 (-3.36%)",Sell,17,XC [D],AG [D],RG
15:23:43,MAPI,"1,150 (-3.36%)",Sell,4,XL [D],AG [D],RG
15:23:43,MAPI,"1,150 (-3.36%)",Sell,10,XC [D],AG [D],RG
15:23:43,MAPI,"1,150 (-3.36%)",Sell,1,YU [D],AG [D],RG
15:23:43,MAPI,"1,150 (-3.36%)",Sell,20,SQ [D],AG [D],RG
15:23:43,MAPI,"1,150 (-3.36%)",Sell,1,LG [D],AG [D],RG
15:23:43,MAPI,"1,150 (-3.36%)",Sell,50,XC [D],AG [D],RG
15:23:43,MAPI,"1,150 (-3.36%)",Sell,4,PD [D],AG [D],RG
15:23:43,MAPI,"1,150 (-3.36%)",Sell,5,XC [D],AG [D],RG
15:23:43,MAPI,"1,150 (-3.36%)",Sell,5,DX [D],AG [D],RG
15:23:43,MAPI,"1,150 (-3.36%)",Sell,5,PD [D],AG [D],RG
15:23:43,MAPI,"1,150 (-3.36%)",Sell,10,PD [D],AG [D],RG
15:23:43,MAPI,"1,150 (-3.36%)",Sell,10,PD [D],AG [D],RG
15:23:43,MAPI,"1,150 (-3.36%)",Sell,20,OD [D],AG [D],RG
15:23:43,MAPI,"1,150 (-3.36%)",Sell,50,PD [D],AG [D],RG
15:23:43,MAPI,"1,150 (-3.36%)",Sell,8,PD [D],AG [D],RG
15:23:43,MAPI,"1,150 (-3.36%)",Sell,1,YP [D],AG [D],RG
15:23:43,MAPI,"1,150 (-3.36%)",Sell,10,CC [D],AG [D],RG
15:23:43,MAPI,"1,150 (-3.36%)",Sell,27,XL [D],AG [D],RG
15:23:43,MAPI,"1,150 (-3.36%)",Sell,5,PD [D],AG [D],RG
15:23:43,MAPI,"1,150 (-3.36%)",Sell,100,AT [D],AG [D],RG
15:23:43,MAPI,"1,150 (-3.36%)",Sell,50,XL [D],AG [D],RG
15:23:43,MAPI,"1,150 (-3.36%)",Sell,24,XL [D],AG [D],RG
15:23:43,MAPI,"1,150 (-3.36%)",Sell,50,XC [D],AG [D],RG
15:23:43,MAPI,"1,150 (-3.36%)",Sell,1,DH [D],AG [D],RG
15:23:43,MAPI,"1,150 (-3.36%)",Sell,5,CC [D],AG [D],RG
15:23:43,MAPI,"1,150 (-3.36%)",Sell,16,XL [D],AG [D],RG
15:23:43,MAPI,"1,150 (-3.36%)",Sell,5,XC [D],AG [D],RG
15:23:43,MAPI,"1,150 (-3.36%)",Sell,3,SQ [D],AG [D],RG
15:23:43,MAPI,"1,150 (-3.36%)",Sell,2,EP [D],AG [D],RG
15:23:43,MAPI,"1,150 (-3.36%)",Sell,1,XA [D],AG [D],RG
15:23:43,MAPI,"1,150 (-3.36%)",Sell,1,XC [D],AG [D],RG
15:23:43,MAPI,"1,150 (-3.36%)",Sell,10,XL [D],AG [D],RG
15:23:43,MAPI,"1,150 (-3.36%)",Sell,100,YP [D],AG [D],RG
15:23:43,MAPI,"1,150 (-3.36%)",Sell,2,AZ [D],AG [D],RG
15:23:43,MAPI,"1,150 (-3.36%)",Sell,1,XL [D],AG [D],RG
15:23:43,MAPI,"1,150 (-3.36%)",Sell,1,YU [D],AG [D],RG
15:23:43,MAPI,"1,150 (-3.36%)",Sell,6,DR [D],AG [D],RG
15:23:43,MAPI,"1,150 (-3.36%)",Sell,1,XL [D],AG [D],RG
15:23:43,MAPI,"1,150 (-3.36%)",Sell,5,XL [D],AG [D],RG
15:23:43,MAPI,"1,150 (-3.36%)",Sell,1,XL [D],AG [D],RG
15:23:43,MAPI,"1,150 (-3.36%)",Sell,5,PD [D],AG [D],RG
15:23:43,MAPI,"1,150 (-3.36%)",Sell,10,CC [D],AG [D],RG
15:23:43,MAPI,"1,150 (-3.36%)",Sell,1,XL [D],AG [D],RG
15:23:43,MAPI,"1,150 (-3.36%)",Sell,42,XL [D],AG [D],RG
15:23:43,MAPI,"1,150 (-3.36%)",Sell,50,XA [D],AG [D],RG
15:23:43,MAPI,"1,150 (-3.36%)",Sell,2,CC [D],AG [D],RG
15:23:43,MAPI,"1,150 (-3.36%)",Sell,2,YU [D],AG [D],RG
15:23:43,MAPI,"1,150 (-3.36%)",Sell,14,NI [D],AG [D],RG
15:23:43,MAPI,"1,150 (-3.36%)",Sell,7,NI [D],AG [D],RG
15:23:43,MAPI,"1,150 (-3.36%)",Sell,29,NI [D],AG [D],RG
15:23:43,MAPI,"1,150 (-3.36%)",Sell,9,XL [D],AG [D],RG
15:23:43,MAPI,"1,150 (-3.36%)",Sell,10,CC [D],AG [D],RG
15:23:43,MAPI,"1,150 (-3.36%)",Sell,27,XL [D],AG [D],RG
15:23:43,MAPI,"1,150 (-3.36%)",Sell,1,PD [D],AG [D],RG
15:23:43,MAPI,"1,150 (-3.36%)",Sell,10,NI [D],AG [D],RG
15:23:43,MAPI,"1,150 (-3.36%)",Sell,1,XL [D],AG [D],RG
15:23:43,MAPI,"1,150 (-3.36%)",Sell,6,PD [D],AG [D],RG
15:23:43,MAPI,"1,150 (-3.36%)",Sell,4,XL [D],AG [D],RG
15:23:43,MAPI,"1,150 (-3.36%)",Sell,5,XC [D],AG [D],RG
15:23:43,MAPI,"1,150 (-3.36%)",Sell,1,XC [D],AG [D],RG
15:23:43,MAPI,"1,150 (-3.36%)",Sell,75,YP [D],AG [D],RG
15:23:43,MAPI,"1,150 (-3.36%)",Sell,1,NI [D],AG [D],RG
15:23:43,MAPI,"1,150 (-3.36%)",Sell,1,XL [D],AG [D],RG
15:23:43,MAPI,"1,150 (-3.36%)",Sell,35,YP [D],AG [D],RG
15:23:43,MAPI,"1,150 (-3.36%)",Sell,30,YP [D],AG [D],RG
15:23:43,MAPI,"1,150 (-3.36%)",Sell,60,YP [D],AG [D],RG
15:23:43,MAPI,"1,150 (-3.36%)",Sell,400,GR [D],AG [D],RG
15:23:43,MAPI,"1,150 (-3.36%)",Sell,10,YP [D],AG [D],RG
15:23:43,MAPI,"1,150 (-3.36%)",Sell,50,SQ [D],AG [D],RG
15:23:43,MAPI,"1,150 (-3.36%)",Sell,44,XL [D],AG [D],RG
15:23:43,MAPI,"1,150 (-3.36%)",Sell,5,YP [D],AG [D],RG
15:23:43,MAPI,"1,150 (-3.36%)",Sell,90,XL [D],AG [D],RG
15:23:43,MAPI,"1,150 (-3.36%)",Sell,100,XA [D],AG [D],RG
15:23:43,MAPI,"1,150 (-3.36%)",Sell,244,XA [D],AG [D],RG
15:23:43,MAPI,"1,150 (-3.36%)",Sell,20,OD [D],AG [D],RG
15:23:43,MAPI,"1,150 (-3.36%)",Sell,1,XC [D],AG [D],RG
15:23:43,MAPI,"1,150 (-3.36%)",Sell,1,AZ [D],AG [D],RG
15:23:43,MAPI,"1,150 (-3.36%)",Sell,4,XL [D],AG [D],RG
15:23:43,MAPI,"1,150 (-3.36%)",Sell,50,KK [D],AG [D],RG
15:23:43,MAPI,"1,150 (-3.36%)",Sell,20,XL [D],AG [D],RG
15:23:43,MAPI,"1,150 (-3.36%)",Sell,2,XL [D],AG [D],RG
15:23:43,MAPI,"1,150 (-3.36%)",Sell,7,XC [D],AG [D],RG
15:23:43,MAPI,"1,150 (-3.36%)",Sell,10,XL [D],AG [D],RG
15:23:43,MAPI,"1,150 (-3.36%)",Sell,10,XC [D],AG [D],RG
15:23:43,MAPI,"1,150 (-3.36%)",Sell,25,PD [D],AG [D],RG
15:23:43,MAPI,"1,150 (-3.36%)",Sell,10,XC [D],AG [D],RG
15:23:43,MAPI,"1,150 (-3.36%)",Sell,5,XL [D],AG [D],RG
15:23:43,MAPI,"1,150 (-3.36%)",Sell,20,DH [D],AG [D],RG
15:23:43,MAPI,"1,150 (-3.36%)",Sell,20,YP [D],AG [D],RG
15:23:43,MAPI,"1,150 (-3.36%)",Sell,50,XC [D],AG [D],RG
15:23:43,MAPI,"1,150 (-3.36%)",Sell,15,PD [D],AG [D],RG
15:23:43,MAPI,"1,150 (-3.36%)",Sell,1,XL [D],AG [D],RG
15:23:43,MAPI,"1,150 (-3.36%)",Sell,87,SQ [D],AG [D],RG
15:23:43,MAPI,"1,150 (-3.36%)",Sell,5,XL [D],AG [D],RG
15:23:43,MAPI,"1,150 (-3.36%)",Sell,1,XC [D],AG [D],RG
15:23:43,MAPI,"1,150 (-3.36%)",Sell,543,AZ [D],AG [D],RG
15:23:43,MAPI,"1,150 (-3.36%)",Sell,170,AZ [D],AG [D],RG
15:23:43,MAPI,"1,150 (-3.36%)",Sell,175,AZ [D],AG [D],RG
15:23:43,MAPI,"1,150 (-3.36%)",Sell,137,AZ [D],AG [D],RG
15:23:36,MAPI,"1,150 (-3.36%)",Sell,27,AZ [D],AK [D],RG
15:23:35,MAPI,"1,150 (-3.36%)",Sell,26,AZ [D],CC [D],RG
15:23:35,MAPI,"1,150 (-3.36%)",Sell,19,AZ [D],CC [D],RG
15:23:34,MAPI,"1,150 (-3.36%)",Sell,6,AZ [D],BB [D],RG
15:23:33,MAPI,"1,150 (-3.36%)",Sell,86,AZ [D],AG [D],RG
15:23:20,MAPI,"1,150 (-3.36%)",Sell,17,AZ [D],CC [D],RG
15:23:20,MAPI,"1,150 (-3.36%)",Sell,29,AZ [D],CC [D],RG
15:23:14,MAPI,"1,155 (-2.94%)",Buy,14,PD [D],TP [F],RG
15:23:14,MAPI,"1,155 (-2.94%)",Buy,27,PD [D],CC [D],RG
15:23:14,MAPI,"1,155 (-2.94%)",Buy,12,PD [D],CC [F],RG
15:23:14,MAPI,"1,155 (-2.94%)",Buy,10,PD [D],AK [F],RG
15:23:14,MAPI,"1,155 (-2.94%)",Buy,81,PD [D],TP [F],RG
15:23:14,MAPI,"1,155 (-2.94%)",Buy,27,PD [D],CC [D],RG
15:23:14,MAPI,"1,155 (-2.94%)",Buy,15,PD [D],TP [F],RG
15:23:14,MAPI,"1,155 (-2.94%)",Buy,14,PD [D],CC [F],RG
15:23:11,MAPI,"1,150 (-3.36%)",Sell,25,AZ [D],AK [D],RG
15:23:11,MAPI,"1,155 (-2.94%)",Buy,18,XL [D],CC [F],RG
15:23:05,MAPI,"1,150 (-3.36%)",Sell,45,AZ [D],CC [D],RG
15:22:52,MAPI,"1,155 (-2.94%)",Buy,21,BK [F],BB [D],RG
15:22:50,MAPI,"1,150 (-3.36%)",Sell,106,AZ [D],BB [D],RG
15:22:50,MAPI,"1,150 (-3.36%)",Sell,45,AZ [D],CC [D],RG
15:22:50,MAPI,"1,155 (-2.94%)",Buy,15,XL [D],BB [D],RG
15:22:50,MAPI,"1,155 (-2.94%)",Buy,3,XL [D],CC [D],RG
15:22:48,MAPI,"1,155 (-2.94%)",Buy,24,ZP [F],CC [D],RG
15:22:48,MAPI,"1,155 (-2.94%)",Buy,13,ZP [F],TP [F],RG
15:22:47,MAPI,"1,155 (-2.94%)",Buy,31,ZP [F],CC [F],RG
15:22:47,MAPI,"1,155 (-2.94%)",Buy,5,ZP [F],XC [D],RG
15:22:47,MAPI,"1,150 (-3.36%)",Sell,11,AZ [D],AK [D],RG
15:22:47,MAPI,"1,150 (-3.36%)",Sell,14,AZ [D],AK [D],RG
15:22:47,MAPI,"1,155 (-2.94%)",Buy,35,ZP [F],XC [D],RG
15:22:42,MAPI,"1,155 (-2.94%)",Buy,37,ZP [F],XC [D],RG
15:22:41,MAPI,"1,150 (-3.36%)",Sell,8,AZ [D],BB [D],RG
15:22:41,MAPI,"1,155 (-2.94%)",Buy,688,PD [D],XC [D],RG
15:22:41,MAPI,"1,155 (-2.94%)",Buy,93,PD [D],TP [F],RG
15:22:41,MAPI,"1,155 (-2.94%)",Buy,27,PD [D],CC [D],RG
15:22:41,MAPI,"1,155 (-2.94%)",Buy,192,PD [D],TP [F],RG
15:22:36,MAPI,"1,155 (-2.94%)",Buy,35,ZP [F],TP [F],RG
15:22:35,MAPI,"1,150 (-3.36%)",Sell,43,AZ [D],CC [D],RG
15:22:35,MAPI,"1,150 (-3.36%)",Sell,3,AZ [D],CC [D],RG
15:22:22,MAPI,"1,150 (-3.36%)",Sell,6,AZ [D],BB [D],RG
15:22:21,MAPI,"1,150 (-3.36%)",Sell,23,AZ [D],AK [D],RG
15:22:20,MAPI,"1,155 (-2.94%)",Buy,1,XL [D],TP [F],RG
15:22:20,MAPI,"1,150 (-3.36%)",Sell,45,AZ [D],CC [D],RG
15:22:15,MAPI,"1,150 (-3.36%)",Sell,4,AZ [D],BB [D],RG
15:22:10,MAPI,"1,155 (-2.94%)",Buy,3,XC [D],TP [F],RG
15:22:05,MAPI,"1,150 (-3.36%)",Sell,2,AZ [D],BB [D],RG
15:22:05,MAPI,"1,150 (-3.36%)",Sell,45,AZ [D],CC [D],RG
15:21:55,MAPI,"1,150 (-3.36%)",Sell,5,AZ [D],BB [D],RG
15:21:55,MAPI,"1,150 (-3.36%)",Sell,16,AZ [D],AK [D],RG
15:21:55,MAPI,"1,150 (-3.36%)",Sell,10,AZ [D],AK [D],RG
15:21:54,MAPI,"1,150 (-3.36%)",Sell,46,AZ [D],CC [D],RG
15:21:48,MAPI,"1,150 (-3.36%)",Sell,47,AZ [D],BB [D],RG
15:21:41,MAPI,"1,155 (-2.94%)",Buy,24,ZP [F],TP [F],RG
15:21:41,MAPI,"1,155 (-2.94%)",Buy,14,ZP [F],CC [F],RG
15:21:41,MAPI,"1,150 (-3.36%)",Sell,4,AZ [D],BB [D],RG
15:21:41,MAPI,"1,150 (-3.36%)",Sell,7,AZ [D],BB [D],RG
15:21:41,MAPI,"1,155 (-2.94%)",Buy,18,AK [F],CC [F],RG
15:21:41,MAPI,"1,155 (-2.94%)",Buy,9,AK [F],AK [F],RG
15:21:41,MAPI,"1,155 (-2.94%)",Buy,100,AK [F],TP [F],RG
15:21:41,MAPI,"1,155 (-2.94%)",Buy,32,AK [F],CC [F],RG
15:21:41,MAPI,"1,155 (-2.94%)",Buy,1,AK [F],AK [F],RG
15:21:41,MAPI,"1,155 (-2.94%)",Buy,28,AK [F],CC [D],RG
15:21:41,MAPI,"1,155 (-2.94%)",Buy,28,AK [F],CC [D],RG
15:21:41,MAPI,"1,155 (-2.94%)",Buy,66,AK [F],TP [F],RG
15:21:41,MAPI,"1,155 (-2.94%)",Buy,107,AK [F],CC [D],RG
15:21:41,MAPI,"1,155 (-2.94%)",Buy,1,AK [F],XL [D],RG
15:21:41,MAPI,"1,155 (-2.94%)",Buy,91,AK [F],TP [F],RG
15:21:38,MAPI,"1,155 (-2.94%)",Buy,36,ZP [F],TP [F],RG
15:21:38,MAPI,"1,150 (-3.36%)",Sell,45,AZ [D],CC [D],RG
15:21:38,MAPI,"1,150 (-3.36%)",Sell,13,AZ [D],BB [D],RG
15:21:37,MAPI,"1,150 (-3.36%)",Sell,50,AZ [D],CC [D],RG
15:21:31,MAPI,"1,155 (-2.94%)",Buy,7,XL [D],TP [F],RG
15:21:31,MAPI,"1,155 (-2.94%)",Buy,27,XL [D],CC [D],RG
15:21:31,MAPI,"1,155 (-2.94%)",Buy,9,XL [D],CC [F],RG
15:21:29,MAPI,"1,150 (-3.36%)",Sell,5,AZ [D],CC [D],RG
15:21:29,MAPI,"1,150 (-3.36%)",Sell,37,GR [D],CC [D],RG
15:21:29,MAPI,"1,150 (-3.36%)",Sell,2,GR [D],CC [D],RG
15:21:28,MAPI,"1,150 (-3.36%)",Sell,31,GR [D],AK [D],RG
15:21:28,MAPI,"1,150 (-3.36%)",Sell,8,GR [D],BB [D],RG
15:21:28,MAPI,"1,150 (-3.36%)",Sell,25,GR [D],XL [D],RG
15:21:21,MAPI,"1,155 (-2.94%)",Buy,36,ZP [F],CC [F],RG
15:21:21,MAPI,"1,150 (-3.36%)",Sell,2,GR [D],BB [D],RG
15:21:21,MAPI,"1,150 (-3.36%)",Sell,2,AZ [D],BB [D],RG
15:21:21,MAPI,"1,150 (-3.36%)",Sell,44,AZ [D],CC [D],RG
15:21:12,MAPI,"1,150 (-3.36%)",Sell,47,AZ [D],CC [D],RG
15:21:11,MAPI,"1,150 (-3.36%)",Sell,1,AZ [D],BB [D],RG
15:21:04,MAPI,"1,155 (-2.94%)",Buy,10,XL [D],CC [F],RG
15:21:02,MAPI,"1,150 (-3.36%)",Sell,2,AZ [D],BB [D],RG
15:20:56,MAPI,"1,150 (-3.36%)",Sell,27,AZ [D],AK [D],RG
15:20:45,MAPI,"1,150 (-3.36%)",Sell,9,AZ [D],BB [D],RG
15:20:45,MAPI,"1,150 (-3.36%)",Sell,1,AZ [D],GR [D],RG
15:20:42,MAPI,"1,155 (-2.94%)",Buy,25,NI [D],CC [F],RG
15:20:42,MAPI,"1,155 (-2.94%)",Buy,2,NI [D],CC [D],RG
15:20:42,MAPI,"1,155 (-2.94%)",Buy,14,NI [D],CC [D],RG
15:20:42,MAPI,"1,155 (-2.94%)",Buy,12,NI [D],CC [D],RG
15:20:42,MAPI,"1,155 (-2.94%)",Buy,28,NI [D],CC [D],RG
15:20:42,MAPI,"1,155 (-2.94%)",Buy,19,NI [D],CC [F],RG
15:20:34,MAPI,"1,150 (-3.36%)",Sell,4,AZ [D],BB [D],RG
15:20:33,MAPI,"1,150 (-3.36%)",Sell,21,AZ [D],BB [D],RG
15:20:33,MAPI,"1,155 (-2.94%)",Buy,12,ZP [F],CC [F],RG
15:20:33,MAPI,"1,155 (-2.94%)",Buy,23,ZP [F],CC [D],RG
15:20:32,MAPI,"1,150 (-3.36%)",Sell,6,AZ [D],BB [D],RG
15:20:32,MAPI,"1,155 (-2.94%)",Buy,54,NI [D],CC [D],RG
15:20:32,MAPI,"1,155 (-2.94%)",Buy,28,NI [D],CC [D],RG
15:20:32,MAPI,"1,155 (-2.94%)",Buy,19,NI [D],CC [D],RG
15:20:32,MAPI,"1,155 (-2.94%)",Buy,98,NI [D],CC [F],RG
15:20:29,MAPI,"1,155 (-2.94%)",Buy,35,ZP [F],CC [F],RG
15:20:29,MAPI,"1,150 (-3.36%)",Sell,24,AZ [D],AK [D],RG
15:20:28,MAPI,"1,150 (-3.36%)",Sell,46,AZ [D],CC [D],RG
15:20:26,MAPI,"1,150 (-3.36%)",Sell,5,AZ [D],BB [D],RG
15:20:24,MAPI,"1,155 (-2.94%)",Buy,10,XL [D],CC [F],RG
15:20:20,MAPI,"1,150 (-3.36%)",Sell,1,AZ [D],YP [D],RG
15:20:19,MAPI,"1,150 (-3.36%)",Sell,4,AZ [D],BB [D],RG
15:20:19,MAPI,"1,150 (-3.36%)",Sell,47,AZ [D],CC [D],RG
15:20:10,MAPI,"1,150 (-3.36%)",Sell,7,AZ [D],BB [D],RG
15:20:10,MAPI,"1,150 (-3.36%)",Sell,44,AZ [D],CC [D],RG
15:20:02,MAPI,"1,150 (-3.36%)",Sell,3,AZ [D],BB [D],RG
15:20:02,MAPI,"1,150 (-3.36%)",Sell,27,AZ [D],AK [D],RG
15:20:02,MAPI,"1,155 (-2.94%)",Buy,39,XL [D],CC [F],RG
15:20:02,MAPI,"1,150 (-3.36%)",Sell,8,AZ [D],BB [D],RG
15:20:02,MAPI,"1,150 (-3.36%)",Sell,44,AZ [D],CC [D],RG
15:19:51,MAPI,"1,155 (-2.94%)",Buy,37,ZP [F],CC [D],RG
15:19:51,MAPI,"1,150 (-3.36%)",Sell,10,AZ [D],BB [D],RG
15:19:50,MAPI,"1,150 (-3.36%)",Sell,47,AZ [D],CC [D],RG
15:19:43,MAPI,"1,150 (-3.36%)",Sell,29,AZ [D],AK [D],RG
15:19:42,MAPI,"1,150 (-3.36%)",Sell,44,AZ [D],CC [F],RG
15:19:37,MAPI,"1,150 (-3.36%)",Sell,1,AZ [D],BB [D],RG
15:19:37,MAPI,"1,150 (-3.36%)",Sell,44,AZ [D],CC [D],RG
15:19:34,MAPI,"1,155 (-2.94%)",Buy,5,PD [D],CC [D],RG
15:19:30,MAPI,"1,150 (-3.36%)",Sell,2,AZ [D],BB [D],RG
15:19:21,MAPI,"1,150 (-3.36%)",Sell,26,AZ [D],AK [D],RG
15:19:21,MAPI,"1,150 (-3.36%)",Sell,30,AZ [D],BB [D],RG
15:19:16,MAPI,"1,155 (-2.94%)",Buy,10,EP [D],CC [D],RG
15:19:13,MAPI,"1,155 (-2.94%)",Buy,37,ZP [F],CC [D],RG
15:19:13,MAPI,"1,150 (-3.36%)",Sell,44,AZ [D],CC [F],RG
15:19:11,MAPI,"1,155 (-2.94%)",Buy,3,SQ [D],CC [D],RG
15:19:11,MAPI,"1,155 (-2.94%)",Buy,34,ZP [F],CC [D],RG
15:19:10,MAPI,"1,150 (-3.36%)",Sell,200,AZ [D],YP [D],RG
15:19:10,MAPI,"1,150 (-3.36%)",Sell,2,AZ [D],BB [D],RG
15:19:03,MAPI,"1,150 (-3.36%)",Sell,22,AZ [D],AK [D],RG
15:19:03,MAPI,"1,150 (-3.36%)",Sell,1,AZ [D],AK [D],RG
15:19:03,MAPI,"1,150 (-3.36%)",Sell,2,AZ [D],BB [D],RG
15:19:00,MAPI,"1,155 (-2.94%)",Buy,26,BB [D],CC [D],RG
15:18:56,MAPI,"1,150 (-3.36%)",Sell,3,AZ [D],BB [D],RG
15:18:51,MAPI,"1,150 (-3.36%)",Sell,1,AZ [D],XC [D],RG
15:18:50,MAPI,"1,150 (-3.36%)",Sell,4,AZ [D],BB [D],RG
15:18:43,MAPI,"1,150 (-3.36%)",Sell,27,AZ [D],AK [D],RG
15:18:43,MAPI,"1,150 (-3.36%)",Sell,45,AZ [D],CC [F],RG
15:18:33,MAPI,"1,150 (-3.36%)",Sell,4,AZ [D],BB [D],RG
15:18:33,MAPI,"1,155 (-2.94%)",Buy,1,XL [D],CC [D],RG
15:18:31,MAPI,"1,155 (-2.94%)",Buy,1,XC [D],CC [D],RG
15:18:28,MAPI,"1,150 (-3.36%)",Sell,5,AZ [D],BB [D],RG
15:18:28,MAPI,"1,150 (-3.36%)",Sell,45,AZ [D],CC [D],RG
15:18:23,MAPI,"1,155 (-2.94%)",Buy,4,ZP [F],PD [D],RG
15:18:23,MAPI,"1,155 (-2.94%)",Buy,15,ZP [F],CC [D],RG
15:18:23,MAPI,"1,155 (-2.94%)",Buy,16,ZP [F],CC [D],RG
15:18:23,MAPI,"1,150 (-3.36%)",Sell,23,AZ [D],AK [D],RG
15:18:23,MAPI,"1,150 (-3.36%)",Sell,35,AZ [D],BB [D],RG
15:18:16,MAPI,"1,150 (-3.36%)",Sell,1,AZ [D],XC [D],RG
15:18:14,MAPI,"1,150 (-3.36%)",Sell,4,AZ [D],BB [D],RG
15:18:14,MAPI,"1,155 (-2.94%)",Buy,36,ZP [F],CC [D],RG
15:18:13,MAPI,"1,155 (-2.94%)",Buy,46,CC [D],CC [D],RG
15:18:13,MAPI,"1,150 (-3.36%)",Sell,300,AZ [D],XL [D],RG
15:18:13,MAPI,"1,150 (-3.36%)",Sell,2,AZ [D],BB [D],RG
15:18:13,MAPI,"1,150 (-3.36%)",Sell,45,AZ [D],CC [F],RG
15:18:06,MAPI,"1,150 (-3.36%)",Sell,23,AZ [D],AK [D],RG
15:17:56,MAPI,"1,150 (-3.36%)",Sell,2,AZ [D],DR [D],RG
15:17:55,MAPI,"1,150 (-3.36%)",Sell,22,AZ [D],BB [D],RG
15:17:52,MAPI,"1,150 (-3.36%)",Sell,187,AZ [D],XL [D],RG
15:17:51,MAPI,"1,155 (-2.94%)",Buy,10,YP [D],CC [D],RG
15:17:50,MAPI,"1,150 (-3.36%)",Sell,7,AZ [D],BB [D],RG
15:17:49,MAPI,"1,150 (-3.36%)",Sell,45,AZ [D],CC [F],RG
15:17:44,MAPI,"1,150 (-3.36%)",Sell,28,AZ [D],BB [D],RG
15:17:44,MAPI,"1,150 (-3.36%)",Sell,26,AZ [D],AK [D],RG
15:17:44,MAPI,"1,150 (-3.36%)",Sell,45,AZ [D],CC [D],RG
15:17:39,MAPI,"1,150 (-3.36%)",Sell,57,AZ [D],XL [D],RG
15:17:38,MAPI,"1,150 (-3.36%)",Sell,31,AZ [D],BB [D],RG
15:17:38,MAPI,"1,155 (-2.94%)",Buy,250,CC [D],CC [D],RG
15:17:29,MAPI,"1,150 (-3.36%)",Sell,30,AZ [D],BB [D],RG
15:17:29,MAPI,"1,150 (-3.36%)",Sell,46,AZ [D],CC [F],RG
15:17:27,MAPI,"1,150 (-3.36%)",Sell,303,AZ [D],CC [D],RG
15:17:27,MAPI,"1,155 (-2.94%)",Buy,1,XL [D],CC [D],RG
15:17:26,MAPI,"1,150 (-3.36%)",Sell,24,AZ [D],AK [D],RG
15:17:26,MAPI,"1,150 (-3.36%)",Sell,4,AZ [D],BB [D],RG
15:17:26,MAPI,"1,155 (-2.94%)",Buy,119,AK [F],CC [D],RG
15:17:26,MAPI,"1,155 (-2.94%)",Buy,9,AK [F],AK [F],RG
15:17:26,MAPI,"1,155 (-2.94%)",Buy,85,AK [F],BK [F],RG
15:17:26,MAPI,"1,155 (-2.94%)",Buy,15,AK [F],TP [F],RG
15:17:26,MAPI,"1,155 (-2.94%)",Buy,71,AK [F],TP [F],RG
15:17:25,MAPI,"1,150 (-3.36%)",Sell,16,AZ [D],BB [D],RG
15:17:25,MAPI,"1,150 (-3.36%)",Sell,50,AZ [D],CC [D],RG
15:17:17,MAPI,"1,150 (-3.36%)",Sell,4,AZ [D],BB [D],RG
15:17:17,MAPI,"1,155 (-2.94%)",Buy,121,XC [D],TP [F],RG
15:17:17,MAPI,"1,155 (-2.94%)",Buy,52,XC [D],TP [F],RG
15:17:16,MAPI,"1,150 (-3.36%)",Sell,15,AZ [D],BB [D],RG
15:17:16,MAPI,"1,150 (-3.36%)",Sell,49,AZ [D],CC [D],RG
15:17:10,MAPI,"1,150 (-3.36%)",Sell,45,AZ [D],CC [D],RG
15:17:09,MAPI,"1,150 (-3.36%)",Sell,46,AZ [D],CC [F],RG
15:17:07,MAPI,"1,150 (-3.36%)",Sell,24,AZ [D],AK [D],RG
15:17:07,MAPI,"1,150 (-3.36%)",Sell,49,AZ [D],CC [D],RG
15:17:05,MAPI,"1,150 (-3.36%)",Sell,5,AZ [D],BB [D],RG
15:16:58,MAPI,"1,150 (-3.36%)",Sell,11,AZ [D],BB [D],RG
15:16:58,MAPI,"1,150 (-3.36%)",Sell,50,AZ [D],CC [D],RG
15:16:50,MAPI,"1,155 (-2.94%)",Buy,6,PD [D],TP [F],RG
15:16:49,MAPI,"1,150 (-3.36%)",Sell,44,AZ [D],CC [D],RG
15:16:49,MAPI,"1,150 (-3.36%)",Sell,46,AZ [D],CC [F],RG
15:16:49,MAPI,"1,150 (-3.36%)",Sell,29,AZ [D],AK [D],RG
15:16:49,MAPI,"1,150 (-3.36%)",Sell,4,AZ [D],BB [D],RG
15:16:41,MAPI,"1,150 (-3.36%)",Sell,49,AZ [D],CC [D],RG
15:16:39,MAPI,"1,150 (-3.36%)",Sell,5,AZ [D],BB [D],RG
15:16:32,MAPI,"1,150 (-3.36%)",Sell,31,AZ [D],CC [D],RG
15:16:32,MAPI,"1,150 (-3.36%)",Sell,18,AZ [D],CC [D],RG
15:16:31,MAPI,"1,150 (-3.36%)",Sell,6,AZ [D],BB [D],RG
15:16:29,MAPI,"1,150 (-3.36%)",Sell,46,AZ [D],CC [F],RG
15:16:25,MAPI,"1,150 (-3.36%)",Sell,23,AZ [D],BB [D],RG
15:16:25,MAPI,"1,150 (-3.36%)",Sell,26,AZ [D],AK [D],RG
15:16:25,MAPI,"1,150 (-3.36%)",Sell,19,AZ [D],BB [D],RG
15:16:25,MAPI,"1,150 (-3.36%)",Sell,210,AZ [D],XL [D],RG
15:16:23,MAPI,"1,150 (-3.36%)",Sell,4,AZ [D],BB [D],RG
15:16:23,MAPI,"1,150 (-3.36%)",Sell,47,AZ [D],CC [D],RG
15:16:22,MAPI,"1,155 (-2.94%)",Buy,55,NI [D],TP [F],RG
15:16:22,MAPI,"1,155 (-2.94%)",Buy,28,NI [D],TP [F],RG
15:16:22,MAPI,"1,155 (-2.94%)",Buy,117,NI [D],TP [F],RG
15:16:17,MAPI,"1,150 (-3.36%)",Sell,11,AZ [D],BB [D],RG
15:16:14,MAPI,"1,150 (-3.36%)",Sell,46,AZ [D],CC [D],RG
15:16:09,MAPI,"1,150 (-3.36%)",Sell,45,AZ [D],CC [F],RG
15:16:06,MAPI,"1,150 (-3.36%)",Sell,34,AZ [D],AK [D],RG
15:16:06,MAPI,"1,150 (-3.36%)",Sell,4,AZ [D],BB [D],RG
15:16:06,MAPI,"1,150 (-3.36%)",Sell,46,AZ [D],CC [D],RG
15:15:56,MAPI,"1,150 (-3.36%)",Sell,46,AZ [D],CC [D],RG
15:15:55,MAPI,"1,150 (-3.36%)",Sell,5,AZ [D],BB [D],RG
15:15:46,MAPI,"1,150 (-3.36%)",Sell,8,AZ [D],BB [D],RG
15:15:45,MAPI,"1,155 (-2.94%)",Buy,18,PD [D],TP [F],RG
15:15:45,MAPI,"1,155 (-2.94%)",Buy,32,PD [D],YP [D],RG
15:15:43,MAPI,"1,150 (-3.36%)",Sell,45,AZ [D],CC [F],RG
15:15:42,MAPI,"1,150 (-3.36%)",Sell,3,AZ [D],BB [D],RG
15:15:42,MAPI,"1,150 (-3.36%)",Sell,47,AZ [D],CC [D],RG
15:15:37,MAPI,"1,150 (-3.36%)",Sell,27,AZ [D],AK [D],RG
15:15:37,MAPI,"1,150 (-3.36%)",Sell,4,AZ [D],BB [D],RG
15:15:30,MAPI,"1,150 (-3.36%)",Sell,9,AZ [D],XL [D],RG
15:15:28,MAPI,"1,150 (-3.36%)",Sell,3,AZ [D],BB [D],RG
15:15:28,MAPI,"1,150 (-3.36%)",Sell,45,AZ [D],CC [D],RG
15:15:20,MAPI,"1,150 (-3.36%)",Sell,26,AZ [D],AK [D],RG
15:15:20,MAPI,"1,150 (-3.36%)",Sell,8,AZ [D],BB [D],RG
15:15:15,MAPI,"1,150 (-3.36%)",Sell,46,AZ [D],CC [D],RG
15:15:11,MAPI,"1,150 (-3.36%)",Sell,6,AZ [D],BB [D],RG
15:15:11,MAPI,"1,150 (-3.36%)",Sell,44,AZ [D],CC [F],RG
15:15:01,MAPI,"1,150 (-3.36%)",Sell,22,AZ [D],AK [D],RG
15:15:01,MAPI,"1,150 (-3.36%)",Sell,45,AZ [D],CC [D],RG
15:14:58,MAPI,"1,150 (-3.36%)",Sell,8,AZ [D],BB [D],RG
15:14:47,MAPI,"1,150 (-3.36%)",Sell,45,AZ [D],CC [D],RG
15:14:39,MAPI,"1,150 (-3.36%)",Sell,4,AZ [D],BB [D],RG
15:14:39,MAPI,"1,150 (-3.36%)",Sell,45,AZ [D],CC [F],RG
15:14:35,MAPI,"1,150 (-3.36%)",Sell,2,AZ [D],BB [D],RG
15:14:34,MAPI,"1,150 (-3.36%)",Sell,45,AZ [D],CC [D],RG
15:14:32,MAPI,"1,150 (-3.36%)",Sell,7,AZ [D],BB [D],RG
15:14:32,MAPI,"1,150 (-3.36%)",Sell,23,AZ [D],AK [D],RG
15:14:22,MAPI,"1,155 (-2.94%)",Buy,1,XC [D],YP [D],RG
15:14:21,MAPI,"1,155 (-2.94%)",Buy,25,XC [D],YP [D],RG
15:14:20,MAPI,"1,150 (-3.36%)",Sell,45,AZ [D],CC [D],RG
15:14:17,MAPI,"1,155 (-2.94%)",Buy,8,AG [F],YP [D],RG
15:14:14,MAPI,"1,150 (-3.36%)",Sell,11,AZ [D],BB [D],RG
15:14:07,MAPI,"1,150 (-3.36%)",Sell,45,AZ [D],CC [D],RG
15:14:07,MAPI,"1,150 (-3.36%)",Sell,45,AZ [D],CC [F],RG
15:14:01,MAPI,"1,150 (-3.36%)",Sell,4,AZ [D],BB [D],RG
15:14:01,MAPI,"1,150 (-3.36%)",Sell,24,AZ [D],AK [D],RG
15:13:51,MAPI,"1,150 (-3.36%)",Sell,46,AZ [D],CC [D],RG
15:13:39,MAPI,"1,150 (-3.36%)",Sell,6,AZ [D],BB [D],RG
15:13:32,MAPI,"1,150 (-3.36%)",Sell,46,AZ [D],CC [D],RG
15:13:30,MAPI,"1,150 (-3.36%)",Sell,24,AZ [D],AK [D],RG
15:13:30,MAPI,"1,150 (-3.36%)",Sell,4,AZ [D],BB [D],RG
15:13:25,MAPI,"1,150 (-3.36%)",Sell,45,AZ [D],CC [F],RG
15:13:19,MAPI,"1,150 (-3.36%)",Sell,7,AZ [D],BB [D],RG
15:13:16,MAPI,"1,150 (-3.36%)",Sell,9,AZ [D],XL [D],RG
15:13:16,MAPI,"1,150 (-3.36%)",Sell,5,AZ [D],BB [D],RG
15:13:15,MAPI,"1,155 (-2.94%)",Buy,70,XC [D],YP [D],RG
15:13:13,MAPI,"1,150 (-3.36%)",Sell,45,AZ [D],CC [D],RG
15:12:58,MAPI,"1,150 (-3.36%)",Sell,11,AZ [D],BB [D],RG
15:12:57,MAPI,"1,150 (-3.36%)",Sell,25,AZ [D],AK [D],RG
15:12:56,MAPI,"1,150 (-3.36%)",Sell,2,AZ [D],XL [D],RG
15:12:54,MAPI,"1,150 (-3.36%)",Sell,46,AZ [D],CC [D],RG
15:12:50,MAPI,"1,155 (-2.94%)",Buy,50,PD [D],YP [D],RG
15:12:49,MAPI,"1,150 (-3.36%)",Sell,11,AZ [D],BB [D],RG
15:12:45,MAPI,"1,150 (-3.36%)",Sell,1,AZ [D],PD [D],RG
15:12:45,MAPI,"1,150 (-3.36%)",Sell,82,AZ [D],YP [D],RG
15:12:41,MAPI,"1,150 (-3.36%)",Sell,44,AZ [D],CC [F],RG
15:12:40,MAPI,"1,155 (-2.94%)",Buy,1,NI [D],YP [D],RG
15:12:39,MAPI,"1,150 (-3.36%)",Sell,4,AZ [D],BB [D],RG
15:12:35,MAPI,"1,150 (-3.36%)",Sell,2,AZ [D],BB [D],RG
15:12:35,MAPI,"1,150 (-3.36%)",Sell,46,AZ [D],CC [D],RG
15:12:25,MAPI,"1,150 (-3.36%)",Sell,23,AZ [D],AK [D],RG
15:12:25,MAPI,"1,150 (-3.36%)",Sell,5,AZ [D],BB [D],RG
15:12:16,MAPI,"1,150 (-3.36%)",Sell,4,AZ [D],BB [D],RG
15:12:16,MAPI,"1,150 (-3.36%)",Sell,45,AZ [D],CC [D],RG
15:12:00,MAPI,"1,150 (-3.36%)",Sell,10,AZ [D],BB [D],RG
15:11:59,MAPI,"1,155 (-2.94%)",Buy,6,DH [D],YP [D],RG
15:11:59,MAPI,"1,155 (-2.94%)",Buy,44,DH [D],TP [F],RG
15:11:58,MAPI,"1,150 (-3.36%)",Sell,21,AZ [D],AK [D],RG
15:11:58,MAPI,"1,150 (-3.36%)",Sell,2,AZ [D],AK [D],RG
15:11:58,MAPI,"1,150 (-3.36%)",Sell,46,AZ [D],CC [D],RG
15:11:58,MAPI,"1,150 (-3.36%)",Sell,45,AZ [D],CC [F],RG
15:11:52,MAPI,"1,150 (-3.36%)",Sell,5,AZ [D],BB [D],RG
15:11:44,MAPI,"1,150 (-3.36%)",Sell,4,AZ [D],XC [D],RG
15:11:43,MAPI,"1,150 (-3.36%)",Sell,47,AZ [D],CC [D],RG
15:11:34,MAPI,"1,150 (-3.36%)",Sell,13,AZ [D],BB [D],RG
15:11:28,MAPI,"1,150 (-3.36%)",Sell,45,AZ [D],CC [D],RG
15:11:26,MAPI,"1,155 (-2.94%)",Buy,6,YP [D],TP [F],RG
15:11:25,MAPI,"1,155 (-2.94%)",Buy,15,PD [D],TP [F],RG
15:11:23,MAPI,"1,150 (-3.36%)",Sell,31,AZ [D],AK [D],RG
15:11:23,MAPI,"1,150 (-3.36%)",Sell,4,AZ [D],BB [D],RG
15:11:23,MAPI,"1,150 (-3.36%)",Sell,45,AZ [D],CC [F],RG
15:11:13,MAPI,"1,150 (-3.36%)",Sell,44,AZ [D],CC [D],RG
15:11:08,MAPI,"1,155 (-2.94%)",Buy,1,AT [D],TP [F],RG
15:11:05,MAPI,"1,150 (-3.36%)",Sell,4,AZ [D],BB [D],RG
15:10:59,MAPI,"1,150 (-3.36%)",Sell,45,AZ [D],CC [D],RG
15:10:52,MAPI,"1,150 (-3.36%)",Sell,11,AZ [D],BB [D],RG
15:10:48,MAPI,"1,150 (-3.36%)",Sell,45,AZ [D],CC [F],RG
15:10:45,MAPI,"1,150 (-3.36%)",Sell,23,AZ [D],AK [D],RG
15:10:44,MAPI,"1,150 (-3.36%)",Sell,47,AZ [D],CC [D],RG
15:10:44,MAPI,"1,150 (-3.36%)",Sell,10,AZ [D],BB [D],RG
15:10:44,MAPI,"1,155 (-2.94%)",Buy,1,YP [D],TP [F],RG
15:10:35,MAPI,"1,155 (-2.94%)",Buy,17,XC [D],TP [F],RG
15:10:30,MAPI,"1,155 (-2.94%)",Buy,50,XL [D],TP [F],RG
15:10:30,MAPI,"1,150 (-3.36%)",Sell,46,AZ [D],CC [D],RG
15:10:29,MAPI,"1,150 (-3.36%)",Sell,2,AZ [D],BB [D],RG
15:10:25,MAPI,"1,150 (-3.36%)",Sell,13,AZ [D],BB [D],RG
15:10:25,MAPI,"1,155 (-2.94%)",Buy,30,KK [D],TP [F],RG
15:10:15,MAPI,"1,155 (-2.94%)",Buy,21,XL [D],TP [F],RG
15:10:14,MAPI,"1,150 (-3.36%)",Sell,47,AZ [D],CC [D],RG
15:10:14,MAPI,"1,150 (-3.36%)",Sell,26,AZ [D],AK [D],RG
15:10:14,MAPI,"1,150 (-3.36%)",Sell,5,AZ [D],BB [D],RG
15:10:14,MAPI,"1,150 (-3.36%)",Sell,45,AZ [D],CC [F],RG
15:10:09,MAPI,"1,150 (-3.36%)",Sell,6,AZ [D],BB [D],RG
15:10:09,MAPI,"1,155 (-2.94%)",Buy,50,YP [D],TP [F],RG
15:10:02,MAPI,"1,155 (-2.94%)",Buy,20,YP [D],TP [F],RG
15:09:59,MAPI,"1,150 (-3.36%)",Sell,10,AZ [D],BB [D],RG
15:09:59,MAPI,"1,150 (-3.36%)",Sell,48,AZ [D],CC [D],RG
15:09:50,MAPI,"1,150 (-3.36%)",Sell,39,AZ [D],CC [D],RG
15:09:50,MAPI,"1,150 (-3.36%)",Sell,2,XL [D],CC [D],RG
15:09:50,MAPI,"1,150 (-3.36%)",Sell,2,PD [D],CC [D],RG
15:09:50,MAPI,"1,150 (-3.36%)",Sell,4,YP [D],CC [D],RG
15:09:47,MAPI,"1,150 (-3.36%)",Sell,20,BQ [D],AK [D],RG
15:09:47,MAPI,"1,150 (-3.36%)",Sell,7,XL [D],AK [D],RG
15:09:47,MAPI,"1,150 (-3.36%)",Sell,5,XL [D],BB [D],RG
15:09:47,MAPI,"1,150 (-3.36%)",Sell,45,XL [D],CC [F],RG
15:09:40,MAPI,"1,150 (-3.36%)",Sell,4,XL [D],BB [D],RG
15:09:40,MAPI,"1,150 (-3.36%)",Sell,48,XL [D],CC [D],RG
15:09:31,MAPI,"1,150 (-3.36%)",Sell,45,XL [D],CC [D],RG
15:09:27,MAPI,"1,150 (-3.36%)",Sell,7,XL [D],BB [D],RG
15:09:22,MAPI,"1,150 (-3.36%)",Sell,45,XL [D],CC [D],RG
15:09:22,MAPI,"1,150 (-3.36%)",Sell,23,XL [D],AK [D],RG
15:09:22,MAPI,"1,150 (-3.36%)",Sell,6,XL [D],XL [D],RG
15:09:19,MAPI,"1,150 (-3.36%)",Sell,4,XL [D],BB [D],RG
15:09:15,MAPI,"1,155 (-2.94%)",Buy,1,XL [D],TP [F],RG
15:09:13,MAPI,"1,150 (-3.36%)",Sell,48,XL [D],CC [D],RG
15:09:08,MAPI,"1,150 (-3.36%)",Sell,6,XL [D],BB [D],RG
15:09:03,MAPI,"1,150 (-3.36%)",Sell,7,XL [D],CC [D],RG
15:09:03,MAPI,"1,150 (-3.36%)",Sell,38,YP [D],CC [D],RG
15:09:02,MAPI,"1,150 (-3.36%)",Sell,20,YP [D],CC [D],RG
15:08:58,MAPI,"1,150 (-3.36%)",Sell,7,YP [D],BB [D],RG
15:08:57,MAPI,"1,150 (-3.36%)",Sell,35,YP [D],CC [D],RG
15:08:57,MAPI,"1,150 (-3.36%)",Sell,5,XL [D],CC [D],RG
15:08:54,MAPI,"1,150 (-3.36%)",Sell,21,XL [D],CC [D],RG
15:08:54,MAPI,"1,150 (-3.36%)",Sell,2,XC [D],CC [D],RG
15:08:54,MAPI,"1,150 (-3.36%)",Sell,10,XL [D],CC [D],RG
15:08:54,MAPI,"1,150 (-3.36%)",Sell,15,KK [D],CC [D],RG
15:08:54,MAPI,"1,150 (-3.36%)",Sell,35,KK [D],GR [D],RG
15:08:54,MAPI,"1,150 (-3.36%)",Sell,18,OD [D],GR [D],RG
15:08:54,MAPI,"1,150 (-3.36%)",Sell,2,PD [D],GR [D],RG
15:08:54,MAPI,"1,150 (-3.36%)",Sell,145,YU [D],GR [D],RG
15:08:45,MAPI,"1,150 (-3.36%)",Sell,45,YU [D],CC [D],RG
15:08:36,MAPI,"1,150 (-3.36%)",Sell,45,YU [D],CC [D],RG
15:08:32,MAPI,"1,155 (-2.94%)",Buy,1,XL [D],TP [F],RG
15:08:27,MAPI,"1,150 (-3.36%)",Sell,25,YU [D],CC [D],RG
15:08:27,MAPI,"1,150 (-3.36%)",Sell,15,YP [D],CC [D],RG
15:08:27,MAPI,"1,150 (-3.36%)",Sell,1,YP [D],CC [D],RG
15:08:27,MAPI,"1,150 (-3.36%)",Sell,7,CC [D],CC [D],RG
15:08:26,MAPI,"1,155 (-2.94%)",Buy,6,GR [D],TP [F],RG
15:08:17,MAPI,"1,150 (-3.36%)",Sell,3,CC [D],CC [D],RG
15:08:17,MAPI,"1,150 (-3.36%)",Sell,3,PD [D],CC [D],RG
15:08:17,MAPI,"1,150 (-3.36%)",Sell,1,PD [D],CC [D],RG
15:08:17,MAPI,"1,150 (-3.36%)",Sell,4,XC [D],CC [D],RG
15:08:17,MAPI,"1,150 (-3.36%)",Sell,3,CP [D],CC [D],RG
15:08:17,MAPI,"1,150 (-3.36%)",Sell,31,CC [D],CC [D],RG
15:08:12,MAPI,"1,155 (-2.94%)",Buy,1,XL [D],TP [F],RG
15:08:08,MAPI,"1,150 (-3.36%)",Sell,45,CC [D],CC [D],RG
15:08:03,MAPI,"1,150 (-3.36%)",Sell,14,CC [D],XC [D],RG
15:08:03,MAPI,"1,150 (-3.36%)",Sell,25,XL [D],XC [D],RG
15:08:03,MAPI,"1,150 (-3.36%)",Sell,10,XL [D],XC [D],RG
15:08:03,MAPI,"1,150 (-3.36%)",Sell,50,PD [D],XC [D],RG
15:08:03,MAPI,"1,150 (-3.36%)",Sell,21,XL [D],XC [D],RG
15:07:59,MAPI,"1,150 (-3.36%)",Sell,29,XL [D],CC [D],RG
15:07:59,MAPI,"1,150 (-3.36%)",Sell,16,OD [D],CC [D],RG
15:07:56,MAPI,"1,155 (-2.94%)",Buy,64,AK [F],TP [F],RG
15:07:56,MAPI,"1,155 (-2.94%)",Buy,286,AK [F],TP [F],RG
15:07:56,MAPI,"1,155 (-2.94%)",Buy,5,AK [F],AK [F],RG
15:07:56,MAPI,"1,155 (-2.94%)",Buy,1,AK [F],AK [F],RG
15:07:45,MAPI,"1,150 (-3.36%)",Sell,34,OD [D],CC [D],RG
15:07:45,MAPI,"1,150 (-3.36%)",Sell,5,XL [D],CC [D],RG
15:07:45,MAPI,"1,150 (-3.36%)",Sell,7,PD [D],CC [D],RG
15:07:31,MAPI,"1,150 (-3.36%)",Sell,45,PD [D],CC [D],RG
15:07:17,MAPI,"1,150 (-3.36%)",Sell,46,PD [D],CC [D],RG
15:07:14,MAPI,"1,150 (-3.36%)",Sell,2,PD [D],XC [D],RG
15:07:07,MAPI,"1,155 (-2.94%)",Buy,9,GR [D],AK [F],RG
15:07:07,MAPI,"1,155 (-2.94%)",Buy,1,GR [D],AK [F],RG
15:06:48,MAPI,"1,155 (-2.94%)",Buy,114,CC [D],BB [D],RG
15:06:48,MAPI,"1,155 (-2.94%)",Buy,146,CC [D],TP [F],RG
15:06:42,MAPI,"1,155 (-2.94%)",Buy,3,SQ [D],TP [F],RG
15:06:42,MAPI,"1,150 (-3.36%)",Sell,28,PD [D],BB [D],RG
15:06:41,MAPI,"1,155 (-2.94%)",Buy,25,KK [D],TP [F],RG
15:06:38,MAPI,"1,155 (-2.94%)",Buy,120,YP [D],TP [F],RG
15:06:38,MAPI,"1,155 (-2.94%)",Buy,55,YP [D],CC [F],RG
15:06:38,MAPI,"1,155 (-2.94%)",Buy,31,YP [D],CC [F],RG
15:06:38,MAPI,"1,155 (-2.94%)",Buy,32,YP [D],CC [F],RG
15:06:38,MAPI,"1,155 (-2.94%)",Buy,31,YP [D],CC [F],RG
15:06:38,MAPI,"1,155 (-2.94%)",Buy,9,YP [D],CC [F],RG
15:06:15,MAPI,"1,150 (-3.36%)",Sell,9,PD [D],BB [D],RG
15:06:04,MAPI,"1,155 (-2.94%)",Buy,23,CC [D],CC [F],RG
15:06:04,MAPI,"1,155 (-2.94%)",Buy,31,CC [D],CC [F],RG
15:06:04,MAPI,"1,155 (-2.94%)",Buy,2,CC [D],CC [F],RG
15:06:04,MAPI,"1,155 (-2.94%)",Buy,6,CC [D],CC [F],RG
15:06:04,MAPI,"1,155 (-2.94%)",Buy,31,CC [D],CC [F],RG
15:06:04,MAPI,"1,155 (-2.94%)",Buy,7,CC [D],CC [F],RG
15:06:01,MAPI,"1,150 (-3.36%)",Sell,45,PD [D],BB [D],RG
15:06:01,MAPI,"1,155 (-2.94%)",Buy,1,DR [D],CC [F],RG
15:05:55,MAPI,"1,155 (-2.94%)",Buy,56,PD [D],CC [F],RG
15:05:55,MAPI,"1,155 (-2.94%)",Buy,18,PD [D],CC [D],RG
15:05:55,MAPI,"1,155 (-2.94%)",Buy,18,PD [D],CC [D],RG
15:05:55,MAPI,"1,155 (-2.94%)",Buy,18,PD [D],CC [D],RG
15:05:55,MAPI,"1,155 (-2.94%)",Buy,45,PD [D],CC [D],RG
15:05:55,MAPI,"1,155 (-2.94%)",Buy,43,PD [D],CC [D],RG
15:05:55,MAPI,"1,155 (-2.94%)",Buy,1,PD [D],CC [D],RG
15:05:55,MAPI,"1,155 (-2.94%)",Buy,1,PD [D],CC [D],RG
15:05:55,MAPI,"1,155 (-2.94%)",Buy,2,PD [D],CC [D],RG
15:05:55,MAPI,"1,155 (-2.94%)",Buy,27,PD [D],CC [D],RG
15:05:55,MAPI,"1,155 (-2.94%)",Buy,27,PD [D],CC [D],RG
15:05:55,MAPI,"1,155 (-2.94%)",Buy,18,PD [D],CC [D],RG
15:05:55,MAPI,"1,155 (-2.94%)",Buy,18,PD [D],CC [D],RG
15:05:55,MAPI,"1,155 (-2.94%)",Buy,19,PD [D],CC [D],RG
15:05:55,MAPI,"1,155 (-2.94%)",Buy,18,PD [D],CC [D],RG
15:05:55,MAPI,"1,155 (-2.94%)",Buy,18,PD [D],CC [D],RG
15:05:55,MAPI,"1,155 (-2.94%)",Buy,142,PD [D],CC [D],RG
15:05:55,MAPI,"1,155 (-2.94%)",Buy,11,PD [D],CC [D],RG
15:05:51,MAPI,"1,150 (-3.36%)",Sell,14,PD [D],BB [D],RG
15:05:48,MAPI,"1,150 (-3.36%)",Sell,4,PD [D],BB [D],RG
15:05:48,MAPI,"1,150 (-3.36%)",Sell,100,PD [D],XL [D],RG
15:05:48,MAPI,"1,150 (-3.36%)",Sell,50,YP [D],XL [D],RG
15:05:44,MAPI,"1,150 (-3.36%)",Sell,47,YP [D],CC [D],RG
15:05:33,MAPI,"1,155 (-2.94%)",Buy,1,CC [D],CC [D],RG
15:05:22,MAPI,"1,150 (-3.36%)",Sell,6,YP [D],BB [D],RG
15:05:16,MAPI,"1,150 (-3.36%)",Sell,4,YP [D],BB [D],RG
15:05:16,MAPI,"1,155 (-2.94%)",Buy,6,XL [D],CC [D],RG
15:05:16,MAPI,"1,155 (-2.94%)",Buy,19,XL [D],CC [D],RG
15:05:16,MAPI,"1,155 (-2.94%)",Buy,16,XL [D],CC [D],RG
15:05:16,MAPI,"1,155 (-2.94%)",Buy,14,XL [D],CC [F],RG
15:05:16,MAPI,"1,155 (-2.94%)",Buy,10,XL [D],CC [F],RG
15:05:12,MAPI,"1,150 (-3.36%)",Sell,43,YP [D],CC [D],RG
15:05:12,MAPI,"1,150 (-3.36%)",Sell,3,YP [D],CC [D],RG
15:05:00,MAPI,"1,150 (-3.36%)",Sell,4,YP [D],BB [D],RG
