Time,Code,Price,Action,Lot,Buyer,Seller,Market
16:08:28,MAPI,"1,190 (+2.15%)",Sell,4,XL [D],XL [D],RG
16:05:31,MAPI,"1,190 (+2.15%)",Sell,3,XL [D],CP [D],RG
16:05:31,MAPI,"1,190 (+2.15%)",Sell,27,YU [F],CP [D],RG
16:04:37,MAPI,"1,190 (+2.15%)",Buy,8,YU [F],CC [D],RG
16:04:37,MAPI,"1,190 (+2.15%)",Buy,85,YU [F],XC [D],RG
16:04:37,MAPI,"1,190 (+2.15%)",Buy,155,YU [F],XL [D],RG
16:04:37,MAPI,"1,190 (+2.15%)",Buy,1,YU [F],XC [D],RG
16:04:37,MAPI,"1,190 (+2.15%)",Buy,393,YU [F],XL [D],RG
16:04:13,MAPI,"1,190 (+2.15%)",Buy,1,XL [D],XL [D],RG
16:00:00,MAPI,"1,190 (+2.15%)",Buy,10,ZP [D],AK [F],RG
16:00:00,MAPI,"1,190 (+2.15%)",Sell,4,XC [D],AK [F],RG
16:00:00,MAPI,"1,190 (+2.15%)",Sell,48,XL [D],AK [F],RG
16:00:00,MAPI,"1,190 (+2.15%)",Sell,5,IF [D],AK [F],RG
16:00:00,MAPI,"1,190 (+2.15%)",Sell,1,BK [F],AK [F],RG
16:00:00,MAPI,"1,190 (+2.15%)",Sell,110,BK [F],AK [F],RG
16:00:00,MAPI,"1,190 (+2.15%)",Sell,225,ZP [F],AK [F],RG
16:00:00,MAPI,"1,190 (+2.15%)",Buy,727,KZ [F],AK [F],RG
16:00:00,MAPI,"1,190 (+2.15%)",Buy,603,KZ [F],BK [F],RG
16:00:00,MAPI,"1,190 (+2.15%)",Buy,1,KZ [F],AK [F],RG
16:00:00,MAPI,"1,190 (+2.15%)",Buy,386,KZ [F],AK [F],RG
16:00:00,MAPI,"1,190 (+2.15%)",Buy,1,KZ [F],XC [D],RG
16:00:00,MAPI,"1,190 (+2.15%)",Buy,2,KZ [F],YP [D],RG
16:00:00,MAPI,"1,190 (+2.15%)",Buy,1,KZ [F],XC [D],RG
16:00:00,MAPI,"1,190 (+2.15%)",Buy,9,KZ [F],XL [D],RG
16:00:00,MAPI,"1,190 (+2.15%)",Buy,15,KZ [F],XC [D],RG
16:00:00,MAPI,"1,190 (+2.15%)",Buy,200,KZ [F],EP [D],RG
16:00:00,MAPI,"1,190 (+2.15%)",Buy,300,KZ [F],GR [D],RG
16:00:00,MAPI,"1,190 (+2.15%)",Buy,6,KZ [F],XC [D],RG
16:00:00,MAPI,"1,190 (+2.15%)",Buy,581,KZ [F],ZP [F],RG
16:00:00,MAPI,"1,190 (+2.15%)",Buy,19,KZ [F],DH [D],RG
16:00:00,MAPI,"1,190 (+2.15%)",Buy,30,KZ [F],CC [D],RG
16:00:00,MAPI,"1,190 (+2.15%)",Buy,"1,302",KZ [F],AK [F],RG
16:00:00,MAPI,"1,190 (+2.15%)",Buy,1,KZ [F],XL [D],RG
16:00:00,MAPI,"1,190 (+2.15%)",Buy,2,KZ [F],EP [D],RG
16:00:00,MAPI,"1,190 (+2.15%)",Buy,9,KZ [F],DR [D],RG
16:00:00,MAPI,"1,190 (+2.15%)",Buy,10,KZ [F],XC [D],RG
16:00:00,MAPI,"1,190 (+2.15%)",Buy,1,KZ [F],EP [D],RG
16:00:00,MAPI,"1,190 (+2.15%)",Buy,500,KZ [F],XC [D],RG
16:00:00,MAPI,"1,190 (+2.15%)",Buy,10,KZ [F],XC [D],RG
16:00:00,MAPI,"1,190 (+2.15%)",Buy,45,KZ [F],YP [D],RG
16:00:00,MAPI,"1,190 (+2.15%)",Buy,4,KZ [F],XC [D],RG
16:00:00,MAPI,"1,190 (+2.15%)",Buy,1,KZ [F],PD [D],RG
16:00:00,MAPI,"1,190 (+2.15%)",Buy,1,KZ [F],HP [D],RG
16:00:00,MAPI,"1,190 (+2.15%)",Buy,7,KZ [F],XC [D],RG
16:00:00,MAPI,"1,190 (+2.15%)",Buy,1,KZ [F],PD [D],RG
16:00:00,MAPI,"1,190 (+2.15%)",Buy,500,KZ [F],YJ [D],RG
16:00:00,MAPI,"1,190 (+2.15%)",Buy,222,KZ [F],PD [D],RG
16:00:00,MAPI,"1,190 (+2.15%)",Buy,66,KZ [F],CC [D],RG
16:00:00,MAPI,"1,190 (+2.15%)",Buy,"1,173",KZ [F],BK [F],RG
16:00:00,MAPI,"1,190 (+2.15%)",Buy,22,KZ [F],XC [D],RG
16:00:00,MAPI,"1,190 (+2.15%)",Sell,227,KZ [F],AK [F],RG
16:00:00,MAPI,"1,190 (+2.15%)",Buy,30,KZ [F],CC [D],RG
16:00:00,MAPI,"1,190 (+2.15%)",Buy,20,KZ [F],PD [D],RG
16:00:00,MAPI,"1,190 (+2.15%)",Buy,17,KZ [F],XC [D],RG
16:00:00,MAPI,"1,190 (+2.15%)",Buy,6,KZ [F],PD [D],RG
16:00:00,MAPI,"1,190 (+2.15%)",Buy,40,KZ [F],CP [D],RG
16:00:00,MAPI,"1,190 (+2.15%)",Buy,1,KZ [F],YP [D],RG
16:00:00,MAPI,"1,190 (+2.15%)",Buy,404,KZ [F],BK [F],RG
16:00:00,MAPI,"1,190 (+2.15%)",Buy,91,KZ [F],BK [F],RG
16:00:00,MAPI,"1,190 (+2.15%)",Buy,330,YU [F],BK [F],RG
16:00:00,MAPI,"1,190 (+2.15%)",Buy,"1,629",YU [F],BK [F],RG
16:00:00,MAPI,"1,190 (+2.15%)",Buy,20,YU [F],AK [F],RG
16:00:00,MAPI,"1,190 (+2.15%)",Buy,15,OD [D],AK [F],RG
16:00:00,MAPI,"1,190 (+2.15%)",Buy,4,OD [D],YU [D],RG
16:00:00,MAPI,"1,190 (+2.15%)",Sell,10,AK [F],YU [D],RG
16:00:00,MAPI,"1,190 (+2.15%)",Sell,10,AK [F],BB [D],RG
16:00:00,MAPI,"1,190 (+2.15%)",Buy,19,AK [F],ZP [F],RG
16:00:00,MAPI,"1,190 (+2.15%)",Sell,4,AK [F],ZP [F],RG
16:00:00,MAPI,"1,190 (+2.15%)",Sell,199,AI [D],ZP [F],RG
15:49:40,MAPI,"1,180 (+1.29%)",Buy,14,YU [F],BK [F],RG
15:49:39,MAPI,"1,180 (+1.29%)",Buy,56,XC [D],BK [F],RG
15:49:31,MAPI,"1,180 (+1.29%)",Buy,22,YU [F],BK [F],RG
15:49:30,MAPI,"1,180 (+1.29%)",Buy,72,AG [F],BK [F],RG
15:49:30,MAPI,"1,180 (+1.29%)",Buy,16,AG [F],BK [F],RG
15:49:23,MAPI,"1,180 (+1.29%)",Buy,148,YU [F],BK [F],RG
15:49:22,MAPI,"1,180 (+1.29%)",Buy,275,KZ [F],BK [F],RG
15:49:22,MAPI,"1,180 (+1.29%)",Buy,35,KZ [F],ZP [F],RG
15:49:22,MAPI,"1,180 (+1.29%)",Buy,37,KZ [F],ZP [F],RG
15:49:22,MAPI,"1,180 (+1.29%)",Buy,36,KZ [F],ZP [F],RG
15:49:22,MAPI,"1,180 (+1.29%)",Buy,210,KZ [F],BK [F],RG
15:49:20,MAPI,"1,175 (+0.86%)",Sell,1,XC [D],ZP [D],RG
15:49:04,MAPI,"1,180 (+1.29%)",Buy,8,YU [F],BK [F],RG
15:49:03,MAPI,"1,180 (+1.29%)",Buy,12,BK [F],BK [F],RG
15:49:03,MAPI,"1,180 (+1.29%)",Buy,20,BK [F],BK [F],RG
15:48:50,MAPI,"1,180 (+1.29%)",Buy,16,YU [F],BK [F],RG
15:48:50,MAPI,"1,175 (+0.86%)",Sell,1,BK [F],ZP [D],RG
15:48:24,MAPI,"1,180 (+1.29%)",Buy,4,BK [F],BK [F],RG
15:48:20,MAPI,"1,180 (+1.29%)",Buy,30,CC [D],BK [F],RG
15:48:04,MAPI,"1,185 (+1.72%)",Buy,49,YU [F],BK [F],RG
15:48:04,MAPI,"1,185 (+1.72%)",Buy,79,YU [F],TP [F],RG
15:48:04,MAPI,"1,185 (+1.72%)",Buy,34,YU [F],ZP [F],RG
15:48:04,MAPI,"1,185 (+1.72%)",Buy,187,YU [F],TP [F],RG
15:48:03,MAPI,"1,175 (+0.86%)",Sell,8,BK [F],ZP [F],RG
15:48:03,MAPI,"1,175 (+0.86%)",Sell,22,XC [D],ZP [F],RG
15:48:03,MAPI,"1,175 (+0.86%)",Sell,6,XC [D],ZP [F],RG
15:48:03,MAPI,"1,185 (+1.72%)",Buy,30,KZ [F],TP [F],RG
15:48:03,MAPI,"1,185 (+1.72%)",Buy,38,KZ [F],ZP [F],RG
15:48:03,MAPI,"1,185 (+1.72%)",Buy,37,KZ [F],ZP [F],RG
15:48:03,MAPI,"1,185 (+1.72%)",Buy,36,KZ [F],ZP [F],RG
15:48:03,MAPI,"1,185 (+1.72%)",Buy,35,KZ [F],ZP [F],RG
15:48:03,MAPI,"1,185 (+1.72%)",Buy,550,KZ [F],AK [F],RG
15:48:03,MAPI,"1,185 (+1.72%)",Buy,38,KZ [F],ZP [F],RG
15:48:03,MAPI,"1,185 (+1.72%)",Buy,184,KZ [F],TP [F],RG
15:48:03,MAPI,"1,185 (+1.72%)",Buy,10,KZ [F],XC [D],RG
15:48:03,MAPI,"1,185 (+1.72%)",Buy,121,KZ [F],BK [F],RG
15:48:03,MAPI,"1,185 (+1.72%)",Buy,37,KZ [F],ZP [F],RG
15:48:03,MAPI,"1,185 (+1.72%)",Buy,1,KZ [F],XL [D],RG
15:48:03,MAPI,"1,185 (+1.72%)",Buy,35,KZ [F],ZP [F],RG
15:48:03,MAPI,"1,185 (+1.72%)",Buy,237,KZ [F],BK [F],RG
15:47:24,MAPI,"1,185 (+1.72%)",Buy,353,YU [F],BK [F],RG
15:47:24,MAPI,"1,185 (+1.72%)",Buy,35,YU [F],ZP [F],RG
15:47:23,MAPI,"1,180 (+1.29%)",Sell,"1,393",KZ [F],CC [F],RG
15:47:23,MAPI,"1,180 (+1.29%)",Sell,22,BK [F],CC [F],RG
15:47:23,MAPI,"1,180 (+1.29%)",Sell,23,BK [F],CC [F],RG
15:47:23,MAPI,"1,180 (+1.29%)",Sell,23,BK [F],CC [F],RG
15:47:23,MAPI,"1,180 (+1.29%)",Sell,62,KZ [F],CC [F],RG
15:47:23,MAPI,"1,180 (+1.29%)",Sell,30,CP [D],CC [F],RG
15:47:11,MAPI,"1,185 (+1.72%)",Buy,116,YU [F],BK [F],RG
15:47:11,MAPI,"1,185 (+1.72%)",Buy,50,YU [F],CP [D],RG
15:47:11,MAPI,"1,185 (+1.72%)",Buy,26,YU [F],YP [D],RG
15:47:10,MAPI,"1,180 (+1.29%)",Buy,1,YU [F],XL [D],RG
15:47:10,MAPI,"1,180 (+1.29%)",Buy,44,YU [F],BK [F],RG
15:47:10,MAPI,"1,180 (+1.29%)",Buy,5,YU [F],ZP [F],RG
15:47:09,MAPI,"1,180 (+1.29%)",Buy,30,YU [F],ZP [F],RG
15:47:09,MAPI,"1,180 (+1.29%)",Buy,40,YU [F],LG [D],RG
15:47:09,MAPI,"1,180 (+1.29%)",Buy,35,YU [F],ZP [F],RG
15:47:09,MAPI,"1,180 (+1.29%)",Buy,862,YU [F],CC [F],RG
15:46:44,MAPI,"1,180 (+1.29%)",Buy,49,YU [F],CC [F],RG
15:46:43,MAPI,"1,175 (+0.86%)",Buy,36,XC [D],ZP [F],RG
15:46:43,MAPI,"1,175 (+0.86%)",Buy,36,XC [D],ZP [F],RG
15:46:43,MAPI,"1,175 (+0.86%)",Buy,36,XC [D],ZP [F],RG
15:46:43,MAPI,"1,175 (+0.86%)",Buy,35,XC [D],ZP [F],RG
15:46:43,MAPI,"1,175 (+0.86%)",Buy,37,XC [D],ZP [F],RG
15:46:43,MAPI,"1,175 (+0.86%)",Buy,14,XC [D],CC [F],RG
15:46:36,MAPI,"1,175 (+0.86%)",Buy,1,YU [F],CC [F],RG
15:46:35,MAPI,"1,175 (+0.86%)",Buy,4,XL [D],CC [F],RG
15:46:30,MAPI,"1,175 (+0.86%)",Buy,6,YU [F],CC [F],RG
15:46:29,MAPI,"1,175 (+0.86%)",Buy,25,XL [D],CC [F],RG
15:46:25,MAPI,"1,175 (+0.86%)",Buy,7,YU [F],CC [F],RG
15:46:25,MAPI,"1,175 (+0.86%)",Buy,25,BK [F],CC [F],RG
15:46:20,MAPI,"1,175 (+0.86%)",Buy,3,PD [D],CC [F],RG
15:46:19,MAPI,"1,175 (+0.86%)",Buy,11,YU [F],CC [F],RG
15:46:18,MAPI,"1,170 (+0.43%)",Sell,46,PD [D],BB [D],RG
15:46:16,MAPI,"1,175 (+0.86%)",Buy,7,YU [F],CC [F],RG
15:46:16,MAPI,"1,170 (+0.43%)",Sell,24,PD [D],BB [D],RG
15:46:16,MAPI,"1,170 (+0.43%)",Sell,1,XL [D],BB [D],RG
15:46:16,MAPI,"1,170 (+0.43%)",Sell,2,AG [D],BB [D],RG
15:46:15,MAPI,"1,175 (+0.86%)",Buy,15,YU [F],CC [F],RG
15:46:15,MAPI,"1,170 (+0.43%)",Sell,60,AG [D],BB [D],RG
15:46:14,MAPI,"1,170 (+0.43%)",Sell,1,AG [D],BB [D],RG
15:46:14,MAPI,"1,175 (+0.86%)",Buy,9,YU [F],CC [F],RG
15:46:13,MAPI,"1,170 (+0.43%)",Sell,12,AG [D],BB [D],RG
15:46:13,MAPI,"1,170 (+0.43%)",Sell,21,AG [D],BB [D],RG
15:46:13,MAPI,"1,175 (+0.86%)",Buy,1,YU [F],CC [F],RG
15:46:12,MAPI,"1,170 (+0.43%)",Sell,1,AG [D],BB [D],RG
15:46:12,MAPI,"1,170 (+0.43%)",Sell,1,AG [D],BB [D],RG
15:46:12,MAPI,"1,170 (+0.43%)",Sell,2,AG [D],BB [D],RG
15:46:12,MAPI,"1,170 (+0.43%)",Sell,2,PD [D],BB [D],RG
15:46:10,MAPI,"1,170 (+0.43%)",Sell,1,PD [D],BB [D],RG
15:46:09,MAPI,"1,175 (+0.86%)",Buy,2,YU [F],CC [F],RG
15:46:09,MAPI,"1,170 (+0.43%)",Sell,1,PD [D],BB [D],RG
15:46:09,MAPI,"1,170 (+0.43%)",Sell,3,PD [D],BB [D],RG
15:46:07,MAPI,"1,170 (+0.43%)",Sell,1,PD [D],BB [D],RG
15:46:06,MAPI,"1,170 (+0.43%)",Sell,1,PD [D],BB [D],RG
15:46:02,MAPI,"1,175 (+0.86%)",Buy,12,YU [F],CC [F],RG
15:46:02,MAPI,"1,170 (+0.43%)",Sell,1,PD [D],XC [D],RG
15:46:02,MAPI,"1,170 (+0.43%)",Sell,2,EP [D],XC [D],RG
15:46:02,MAPI,"1,170 (+0.43%)",Sell,10,PD [D],XC [D],RG
15:46:02,MAPI,"1,170 (+0.43%)",Sell,1,DR [D],XC [D],RG
15:46:02,MAPI,"1,170 (+0.43%)",Sell,1,AZ [D],XC [D],RG
15:46:02,MAPI,"1,170 (+0.43%)",Sell,2,XL [D],XC [D],RG
15:46:02,MAPI,"1,170 (+0.43%)",Sell,30,GR [D],XC [D],RG
15:46:01,MAPI,"1,175 (+0.86%)",Buy,6,YU [F],CC [F],RG
15:46:01,MAPI,"1,170 (+0.43%)",Sell,5,GR [D],BB [D],RG
15:46:00,MAPI,"1,170 (+0.43%)",Sell,8,GR [D],BB [D],RG
15:46:00,MAPI,"1,170 (+0.43%)",Sell,5,KK [D],BB [D],RG
15:46:00,MAPI,"1,170 (+0.43%)",Sell,7,AG [D],BB [D],RG
15:45:59,MAPI,"1,175 (+0.86%)",Buy,3,YU [F],CC [F],RG
15:45:58,MAPI,"1,170 (+0.43%)",Sell,10,AG [D],BB [D],RG
15:45:58,MAPI,"1,170 (+0.43%)",Sell,2,AG [D],BB [D],RG
15:45:49,MAPI,"1,175 (+0.86%)",Buy,168,YU [F],CC [F],RG
15:45:49,MAPI,"1,175 (+0.86%)",Buy,673,TP [F],CC [F],RG
15:45:46,MAPI,"1,175 (+0.86%)",Buy,6,YU [F],CC [F],RG
15:45:46,MAPI,"1,170 (+0.43%)",Sell,1,AG [D],BB [D],RG
15:45:46,MAPI,"1,170 (+0.43%)",Sell,9,XC [D],BB [D],RG
15:45:45,MAPI,"1,170 (+0.43%)",Sell,1,XC [D],BB [D],RG
15:45:45,MAPI,"1,170 (+0.43%)",Sell,1,YP [D],BB [D],RG
15:45:45,MAPI,"1,170 (+0.43%)",Sell,1,XL [D],BB [D],RG
15:45:45,MAPI,"1,170 (+0.43%)",Sell,10,CC [D],BB [D],RG
15:45:44,MAPI,"1,175 (+0.86%)",Buy,10,YU [F],CC [F],RG
15:45:43,MAPI,"1,170 (+0.43%)",Sell,5,CC [D],BB [D],RG
15:45:43,MAPI,"1,170 (+0.43%)",Sell,5,CC [D],BB [D],RG
15:45:43,MAPI,"1,170 (+0.43%)",Sell,5,XL [D],BB [D],RG
15:45:43,MAPI,"1,170 (+0.43%)",Sell,1,HP [D],BB [D],RG
15:45:43,MAPI,"1,170 (+0.43%)",Sell,2,XL [D],BB [D],RG
15:45:43,MAPI,"1,175 (+0.86%)",Buy,20,XC [D],CC [F],RG
15:45:33,MAPI,"1,175 (+0.86%)",Buy,1,XL [D],CC [F],RG
15:45:31,MAPI,"1,175 (+0.86%)",Buy,6,YU [F],CC [F],RG
15:45:31,MAPI,"1,170 (+0.43%)",Sell,4,XL [D],BB [D],RG
15:45:30,MAPI,"1,170 (+0.43%)",Sell,14,XL [D],BB [D],RG
15:45:30,MAPI,"1,170 (+0.43%)",Sell,5,YP [D],BB [D],RG
15:45:30,MAPI,"1,170 (+0.43%)",Sell,1,PD [D],BB [D],RG
15:45:29,MAPI,"1,175 (+0.86%)",Buy,6,YU [F],CC [F],RG
15:45:28,MAPI,"1,170 (+0.43%)",Sell,13,PD [D],BB [D],RG
15:45:28,MAPI,"1,170 (+0.43%)",Sell,7,PD [D],BB [D],RG
15:45:26,MAPI,"1,175 (+0.86%)",Buy,3,XL [D],CC [F],RG
15:45:24,MAPI,"1,175 (+0.86%)",Buy,1,YP [D],CC [F],RG
15:45:16,MAPI,"1,175 (+0.86%)",Buy,4,YU [F],CC [F],RG
15:45:16,MAPI,"1,170 (+0.43%)",Sell,6,PD [D],BB [D],RG
15:45:16,MAPI,"1,170 (+0.43%)",Sell,1,XC [D],BB [D],RG
15:45:16,MAPI,"1,170 (+0.43%)",Sell,2,XL [D],BB [D],RG
15:45:15,MAPI,"1,170 (+0.43%)",Sell,6,XL [D],BB [D],RG
15:45:13,MAPI,"1,170 (+0.43%)",Sell,3,XL [D],BB [D],RG
15:45:12,MAPI,"1,175 (+0.86%)",Buy,190,YU [F],CC [F],RG
15:45:11,MAPI,"1,175 (+0.86%)",Sell,24,BK [F],CC [F],RG
15:45:11,MAPI,"1,175 (+0.86%)",Sell,1,BK [F],CC [F],RG
15:45:11,MAPI,"1,175 (+0.86%)",Sell,11,BK [F],CC [F],RG
15:45:11,MAPI,"1,175 (+0.86%)",Sell,263,KZ [F],CC [F],RG
15:45:11,MAPI,"1,175 (+0.86%)",Sell,61,KZ [F],CC [F],RG
15:45:11,MAPI,"1,175 (+0.86%)",Sell,98,ZP [F],CC [F],RG
15:45:11,MAPI,"1,175 (+0.86%)",Sell,35,BK [F],CC [F],RG
15:45:11,MAPI,"1,175 (+0.86%)",Sell,21,BK [F],CC [F],RG
15:45:11,MAPI,"1,175 (+0.86%)",Sell,247,KZ [F],CC [F],RG
15:45:08,MAPI,"1,180 (+1.29%)",Buy,3,YU [F],CC [F],RG
15:45:07,MAPI,"1,175 (+0.86%)",Sell,12,KZ [F],BB [D],RG
15:45:05,MAPI,"1,180 (+1.29%)",Buy,12,YU [F],CC [F],RG
15:45:05,MAPI,"1,175 (+0.86%)",Sell,45,KZ [F],BB [D],RG
15:45:04,MAPI,"1,180 (+1.29%)",Buy,9,YU [F],CC [F],RG
15:45:03,MAPI,"1,175 (+0.86%)",Sell,39,KZ [F],BB [D],RG
15:45:02,MAPI,"1,180 (+1.29%)",Buy,69,YU [F],CC [F],RG
15:45:01,MAPI,"1,175 (+0.86%)",Sell,6,KZ [F],BB [D],RG
15:45:01,MAPI,"1,175 (+0.86%)",Sell,45,KZ [F],BB [D],RG
15:45:01,MAPI,"1,175 (+0.86%)",Sell,45,KZ [F],BB [D],RG
15:45:01,MAPI,"1,175 (+0.86%)",Sell,45,KZ [F],BB [D],RG
15:45:01,MAPI,"1,175 (+0.86%)",Sell,45,KZ [F],BB [D],RG
15:45:01,MAPI,"1,175 (+0.86%)",Sell,45,KZ [F],BB [D],RG
15:45:01,MAPI,"1,175 (+0.86%)",Sell,45,KZ [F],BB [D],RG
15:45:00,MAPI,"1,180 (+1.29%)",Buy,37,YU [F],ZP [F],RG
15:45:00,MAPI,"1,180 (+1.29%)",Buy,9,YU [F],ZP [F],RG
15:44:59,MAPI,"1,175 (+0.86%)",Sell,184,KZ [F],AZ [D],RG
15:44:52,MAPI,"1,180 (+1.29%)",Buy,25,YU [F],ZP [F],RG
15:44:52,MAPI,"1,180 (+1.29%)",Buy,37,YU [F],ZP [F],RG
15:44:52,MAPI,"1,180 (+1.29%)",Buy,37,YU [F],ZP [F],RG
15:44:52,MAPI,"1,180 (+1.29%)",Buy,13,YU [F],ZP [F],RG
15:44:51,MAPI,"1,175 (+0.86%)",Sell,35,KZ [F],ZP [F],RG
15:44:51,MAPI,"1,175 (+0.86%)",Sell,18,KZ [F],BB [D],RG
15:44:51,MAPI,"1,180 (+1.29%)",Buy,24,YU [F],ZP [F],RG
15:44:51,MAPI,"1,180 (+1.29%)",Buy,36,YU [F],ZP [F],RG
15:44:51,MAPI,"1,180 (+1.29%)",Buy,1,YU [F],ZP [D],RG
15:44:51,MAPI,"1,180 (+1.29%)",Buy,36,YU [F],ZP [F],RG
15:44:51,MAPI,"1,180 (+1.29%)",Buy,37,YU [F],ZP [F],RG
15:44:51,MAPI,"1,180 (+1.29%)",Buy,385,YU [F],BK [F],RG
15:44:51,MAPI,"1,175 (+0.86%)",Sell,382,KZ [F],OD [D],RG
15:44:51,MAPI,"1,175 (+0.86%)",Sell,1,BK [F],OD [D],RG
15:44:51,MAPI,"1,175 (+0.86%)",Sell,9,XL [D],OD [D],RG
15:44:51,MAPI,"1,175 (+0.86%)",Sell,1,PD [D],OD [D],RG
15:44:51,MAPI,"1,175 (+0.86%)",Sell,3,BK [F],OD [D],RG
15:44:51,MAPI,"1,175 (+0.86%)",Sell,4,BK [F],OD [D],RG
15:44:51,MAPI,"1,175 (+0.86%)",Sell,1,CC [F],OD [D],RG
15:44:51,MAPI,"1,175 (+0.86%)",Sell,420,CC [D],OD [D],RG
15:44:51,MAPI,"1,175 (+0.86%)",Sell,34,XL [D],OD [D],RG
15:44:51,MAPI,"1,175 (+0.86%)",Sell,28,YP [D],OD [D],RG
15:44:51,MAPI,"1,175 (+0.86%)",Sell,100,SQ [D],OD [D],RG
15:44:51,MAPI,"1,175 (+0.86%)",Sell,264,KZ [F],OD [D],RG
15:44:51,MAPI,"1,175 (+0.86%)",Sell,800,CC [D],OD [D],RG
15:44:51,MAPI,"1,175 (+0.86%)",Sell,20,DR [D],OD [D],RG
15:44:51,MAPI,"1,175 (+0.86%)",Sell,15,YP [D],OD [D],RG
15:44:51,MAPI,"1,175 (+0.86%)",Sell,1,KK [D],OD [D],RG
15:44:51,MAPI,"1,175 (+0.86%)",Sell,3,YP [D],OD [D],RG
15:44:51,MAPI,"1,175 (+0.86%)",Sell,382,PD [D],OD [D],RG
15:44:39,MAPI,"1,180 (+1.29%)",Buy,5,YU [F],BK [F],RG
15:44:38,MAPI,"1,180 (+1.29%)",Buy,23,BK [F],BK [F],RG
15:44:35,MAPI,"1,180 (+1.29%)",Buy,28,YU [F],BK [F],RG
15:44:34,MAPI,"1,180 (+1.29%)",Buy,23,BK [F],BK [F],RG
15:44:34,MAPI,"1,175 (+0.86%)",Sell,18,PD [D],XL [D],RG
15:44:34,MAPI,"1,175 (+0.86%)",Sell,25,XL [D],XL [D],RG
15:44:34,MAPI,"1,175 (+0.86%)",Sell,1,DR [D],XL [D],RG
15:44:34,MAPI,"1,175 (+0.86%)",Sell,10,NI [D],XL [D],RG
15:44:34,MAPI,"1,175 (+0.86%)",Sell,4,XC [D],XL [D],RG
15:44:34,MAPI,"1,175 (+0.86%)",Sell,9,PD [D],XL [D],RG
15:44:34,MAPI,"1,175 (+0.86%)",Sell,1,YP [D],XL [D],RG
15:44:34,MAPI,"1,175 (+0.86%)",Sell,18,XL [D],XL [D],RG
15:44:28,MAPI,"1,180 (+1.29%)",Buy,3,YU [F],BK [F],RG
15:44:28,MAPI,"1,175 (+0.86%)",Sell,15,XL [D],BB [D],RG
15:44:19,MAPI,"1,180 (+1.29%)",Buy,4,YU [F],BK [F],RG
15:44:18,MAPI,"1,175 (+0.86%)",Sell,16,XL [D],BB [D],RG
15:44:07,MAPI,"1,180 (+1.29%)",Buy,5,YU [F],BK [F],RG
15:44:06,MAPI,"1,175 (+0.86%)",Sell,1,XL [D],BB [D],RG
15:44:06,MAPI,"1,175 (+0.86%)",Sell,1,PD [D],BB [D],RG
15:44:06,MAPI,"1,175 (+0.86%)",Sell,4,XL [D],BB [D],RG
15:44:06,MAPI,"1,175 (+0.86%)",Sell,13,CC [D],BB [D],RG
15:43:43,MAPI,"1,180 (+1.29%)",Buy,12,YU [F],BK [F],RG
15:43:42,MAPI,"1,175 (+0.86%)",Sell,43,CC [D],BB [D],RG
15:43:42,MAPI,"1,175 (+0.86%)",Sell,5,CC [D],BB [D],RG
15:43:30,MAPI,"1,180 (+1.29%)",Buy,8,YU [F],BK [F],RG
15:43:29,MAPI,"1,175 (+0.86%)",Sell,31,CC [D],BB [D],RG
15:43:21,MAPI,"1,180 (+1.29%)",Buy,9,YU [F],BK [F],RG
15:43:20,MAPI,"1,180 (+1.29%)",Buy,9,YU [F],BK [F],RG
15:43:20,MAPI,"1,175 (+0.86%)",Sell,37,CC [D],ZP [F],RG
15:43:20,MAPI,"1,180 (+1.29%)",Buy,21,YU [F],BK [F],RG
15:43:20,MAPI,"1,175 (+0.86%)",Sell,37,CC [D],ZP [F],RG
15:43:19,MAPI,"1,175 (+0.86%)",Sell,36,CC [D],ZP [F],RG
15:43:19,MAPI,"1,175 (+0.86%)",Sell,10,CC [D],BB [D],RG
15:43:19,MAPI,"1,175 (+0.86%)",Sell,37,CC [D],ZP [F],RG
15:43:19,MAPI,"1,180 (+1.29%)",Buy,9,YU [F],BK [F],RG
15:43:18,MAPI,"1,175 (+0.86%)",Sell,35,CC [D],ZP [F],RG
15:43:15,MAPI,"1,175 (+0.86%)",Sell,35,CC [D],ZP [F],RG
15:43:12,MAPI,"1,180 (+1.29%)",Buy,8,YU [F],BK [F],RG
15:43:11,MAPI,"1,175 (+0.86%)",Sell,36,CC [D],ZP [F],RG
15:43:11,MAPI,"1,180 (+1.29%)",Buy,8,YU [F],BK [F],RG
15:43:10,MAPI,"1,175 (+0.86%)",Sell,37,CC [D],ZP [F],RG
15:43:10,MAPI,"1,180 (+1.29%)",Buy,333,YU [F],BK [F],RG
15:43:10,MAPI,"1,175 (+0.86%)",Sell,458,CC [D],OD [D],RG
15:43:10,MAPI,"1,175 (+0.86%)",Sell,270,KZ [F],OD [D],RG
15:43:10,MAPI,"1,175 (+0.86%)",Sell,100,PD [D],OD [D],RG
15:43:10,MAPI,"1,175 (+0.86%)",Sell,1,YP [D],OD [D],RG
15:43:10,MAPI,"1,175 (+0.86%)",Sell,1,XL [D],OD [D],RG
15:43:10,MAPI,"1,175 (+0.86%)",Sell,1,XL [D],OD [D],RG
15:43:10,MAPI,"1,175 (+0.86%)",Sell,1,PD [D],OD [D],RG
15:43:10,MAPI,"1,175 (+0.86%)",Sell,1,XL [D],OD [D],RG
15:43:10,MAPI,"1,175 (+0.86%)",Sell,2,SQ [D],OD [D],RG
15:43:10,MAPI,"1,175 (+0.86%)",Sell,5,XL [D],OD [D],RG
15:43:10,MAPI,"1,175 (+0.86%)",Sell,1,AZ [D],OD [D],RG
15:43:10,MAPI,"1,175 (+0.86%)",Sell,50,CP [D],OD [D],RG
15:43:10,MAPI,"1,175 (+0.86%)",Sell,10,CC [D],OD [D],RG
15:43:10,MAPI,"1,175 (+0.86%)",Sell,2,CC [D],OD [D],RG
15:43:10,MAPI,"1,175 (+0.86%)",Sell,577,YU [F],OD [D],RG
15:43:08,MAPI,"1,180 (+1.29%)",Buy,14,YU [F],BK [F],RG
15:43:08,MAPI,"1,175 (+0.86%)",Sell,38,YU [F],ZP [F],RG
15:43:08,MAPI,"1,175 (+0.86%)",Sell,63,YU [F],BB [D],RG
15:43:06,MAPI,"1,180 (+1.29%)",Buy,24,YU [F],BK [F],RG
15:43:06,MAPI,"1,175 (+0.86%)",Sell,37,YU [F],ZP [F],RG
15:43:06,MAPI,"1,180 (+1.29%)",Buy,6,CC [D],BK [F],RG
15:43:06,MAPI,"1,180 (+1.29%)",Buy,9,CC [D],BB [D],RG
15:43:06,MAPI,"1,180 (+1.29%)",Buy,9,CC [D],BB [D],RG
15:43:06,MAPI,"1,180 (+1.29%)",Buy,9,CC [D],BB [D],RG
15:43:06,MAPI,"1,180 (+1.29%)",Buy,15,CC [D],BB [D],RG
15:43:06,MAPI,"1,180 (+1.29%)",Buy,15,CC [D],BB [D],RG
15:43:06,MAPI,"1,180 (+1.29%)",Buy,7,CC [D],BB [D],RG
15:43:04,MAPI,"1,180 (+1.29%)",Buy,8,YU [F],BB [D],RG
15:43:04,MAPI,"1,175 (+0.86%)",Sell,37,YU [F],ZP [F],RG
15:43:03,MAPI,"1,180 (+1.29%)",Buy,282,YU [F],BK [F],RG
15:43:03,MAPI,"1,180 (+1.29%)",Buy,1,YU [F],ZP [D],RG
15:43:03,MAPI,"1,180 (+1.29%)",Buy,60,YU [F],HD [F],RG
15:43:03,MAPI,"1,180 (+1.29%)",Buy,8,DR [D],HD [F],RG
15:43:03,MAPI,"1,180 (+1.29%)",Buy,3,DR [D],HD [F],RG
15:43:03,MAPI,"1,180 (+1.29%)",Sell,4,YU [F],CC [F],RG
15:43:03,MAPI,"1,180 (+1.29%)",Sell,18,AK [F],CC [F],RG
15:43:03,MAPI,"1,180 (+1.29%)",Sell,1,BK [F],CC [F],RG
15:43:03,MAPI,"1,180 (+1.29%)",Sell,5,YU [F],CC [F],RG
15:43:03,MAPI,"1,180 (+1.29%)",Sell,19,DH [D],CC [F],RG
15:43:03,MAPI,"1,180 (+1.29%)",Sell,4,YU [F],CC [F],RG
15:43:03,MAPI,"1,180 (+1.29%)",Sell,14,YU [F],CC [F],RG
15:43:03,MAPI,"1,180 (+1.29%)",Sell,3,YU [F],CC [F],RG
15:43:03,MAPI,"1,180 (+1.29%)",Sell,3,BK [F],CC [F],RG
15:43:03,MAPI,"1,180 (+1.29%)",Sell,"1,154",KZ [F],CC [F],RG
15:43:03,MAPI,"1,180 (+1.29%)",Sell,17,AK [F],CC [F],RG
15:43:03,MAPI,"1,180 (+1.29%)",Sell,3,YU [F],CC [F],RG
15:43:03,MAPI,"1,180 (+1.29%)",Sell,62,ZP [F],CC [F],RG
15:43:03,MAPI,"1,180 (+1.29%)",Sell,3,YU [F],CC [F],RG
15:43:03,MAPI,"1,180 (+1.29%)",Sell,19,YU [F],CC [F],RG
15:43:03,MAPI,"1,180 (+1.29%)",Sell,4,YU [F],CC [F],RG
15:43:03,MAPI,"1,180 (+1.29%)",Sell,12,YU [F],CC [F],RG
15:43:03,MAPI,"1,180 (+1.29%)",Sell,43,HD [D],CC [F],RG
15:43:03,MAPI,"1,180 (+1.29%)",Sell,26,HD [D],AK [F],RG
15:43:03,MAPI,"1,180 (+1.29%)",Sell,3,YU [F],AK [F],RG
15:43:03,MAPI,"1,180 (+1.29%)",Sell,26,AK [F],AK [F],RG
15:43:03,MAPI,"1,180 (+1.29%)",Sell,64,YU [F],AK [F],RG
15:43:03,MAPI,"1,180 (+1.29%)",Sell,49,YU [F],AK [F],RG
15:43:03,MAPI,"1,180 (+1.29%)",Sell,86,YU [F],AK [F],RG
15:43:02,MAPI,"1,180 (+1.29%)",Sell,2,YU [F],CC [F],RG
15:43:02,MAPI,"1,180 (+1.29%)",Sell,63,YP [D],CC [F],RG
15:43:02,MAPI,"1,180 (+1.29%)",Sell,24,BK [F],CC [F],RG
15:43:02,MAPI,"1,180 (+1.29%)",Sell,3,YU [F],CC [F],RG
15:43:02,MAPI,"1,180 (+1.29%)",Sell,"1,088",KZ [F],CC [F],RG
15:43:02,MAPI,"1,180 (+1.29%)",Sell,4,YU [F],CC [F],RG
15:43:02,MAPI,"1,180 (+1.29%)",Sell,24,BK [F],CC [F],RG
15:43:02,MAPI,"1,180 (+1.29%)",Sell,15,YU [F],CC [F],RG
15:43:02,MAPI,"1,180 (+1.29%)",Sell,4,YU [F],CC [F],RG
15:43:02,MAPI,"1,180 (+1.29%)",Sell,23,AK [F],CC [F],RG
15:43:02,MAPI,"1,180 (+1.29%)",Sell,9,XL [D],CC [F],RG
15:43:02,MAPI,"1,180 (+1.29%)",Sell,4,YU [F],CC [F],RG
15:43:02,MAPI,"1,180 (+1.29%)",Sell,1,BK [F],CC [F],RG
15:43:02,MAPI,"1,180 (+1.29%)",Sell,56,YU [F],CC [F],RG
15:43:02,MAPI,"1,180 (+1.29%)",Sell,1,YU [F],CC [F],RG
15:43:02,MAPI,"1,180 (+1.29%)",Sell,70,ZP [F],CC [F],RG
15:43:02,MAPI,"1,180 (+1.29%)",Sell,3,YU [F],CC [F],RG
15:43:02,MAPI,"1,180 (+1.29%)",Sell,3,YU [F],CC [F],RG
15:43:02,MAPI,"1,180 (+1.29%)",Sell,4,YU [F],CC [F],RG
15:43:02,MAPI,"1,180 (+1.29%)",Sell,5,CC [D],CC [F],RG
15:43:02,MAPI,"1,180 (+1.29%)",Sell,8,BK [F],CC [F],RG
15:43:02,MAPI,"1,180 (+1.29%)",Sell,4,YU [F],CC [F],RG
15:43:02,MAPI,"1,180 (+1.29%)",Sell,3,XL [D],CC [F],RG
15:43:02,MAPI,"1,180 (+1.29%)",Sell,32,BK [F],CC [F],RG
15:43:02,MAPI,"1,180 (+1.29%)",Sell,24,BK [F],CC [F],RG
15:43:02,MAPI,"1,180 (+1.29%)",Sell,523,KZ [F],CC [F],RG
15:42:51,MAPI,"1,180 (+1.29%)",Sell,17,KZ [F],BB [D],RG
15:42:38,MAPI,"1,180 (+1.29%)",Sell,23,KZ [F],XL [D],RG
15:42:30,MAPI,"1,180 (+1.29%)",Sell,19,KZ [F],AZ [D],RG
15:42:29,MAPI,"1,185 (+1.72%)",Buy,5,BK [F],BB [D],RG
15:42:29,MAPI,"1,185 (+1.72%)",Buy,3,BK [F],BK [F],RG
15:42:29,MAPI,"1,185 (+1.72%)",Buy,16,BK [F],ZP [F],RG
15:42:28,MAPI,"1,180 (+1.29%)",Sell,43,KZ [F],XL [D],RG
15:42:28,MAPI,"1,180 (+1.29%)",Sell,20,KZ [F],BB [D],RG
15:42:24,MAPI,"1,185 (+1.72%)",Buy,19,BK [F],ZP [F],RG
15:42:24,MAPI,"1,185 (+1.72%)",Buy,5,BK [F],BB [D],RG
15:42:22,MAPI,"1,185 (+1.72%)",Buy,4,BK [F],BB [D],RG
15:42:22,MAPI,"1,185 (+1.72%)",Buy,11,BK [F],BB [D],RG
15:42:22,MAPI,"1,185 (+1.72%)",Buy,6,BK [F],ZP [F],RG
15:42:21,MAPI,"1,180 (+1.29%)",Sell,15,KZ [F],BB [D],RG
15:42:14,MAPI,"1,185 (+1.72%)",Buy,2,XL [D],ZP [F],RG
15:41:50,MAPI,"1,180 (+1.29%)",Sell,14,KZ [F],BB [D],RG
15:41:43,MAPI,"1,180 (+1.29%)",Sell,10,KZ [F],SQ [D],RG
15:41:32,MAPI,"1,180 (+1.29%)",Sell,72,KZ [F],BB [D],RG
15:41:32,MAPI,"1,180 (+1.29%)",Sell,17,KZ [F],BB [D],RG
15:41:22,MAPI,"1,180 (+1.29%)",Sell,17,KZ [F],BB [D],RG
15:41:16,MAPI,"1,180 (+1.29%)",Sell,53,KZ [F],BB [D],RG
15:41:06,MAPI,"1,180 (+1.29%)",Sell,1,KZ [F],XL [D],RG
15:40:59,MAPI,"1,180 (+1.29%)",Sell,14,KZ [F],BB [D],RG
15:40:43,MAPI,"1,180 (+1.29%)",Sell,36,KZ [F],ZP [F],RG
15:40:43,MAPI,"1,180 (+1.29%)",Sell,273,KZ [F],OD [D],RG
15:40:43,MAPI,"1,180 (+1.29%)",Sell,28,AK [F],OD [D],RG
15:40:43,MAPI,"1,180 (+1.29%)",Sell,21,YP [D],OD [D],RG
15:40:43,MAPI,"1,180 (+1.29%)",Sell,3,YU [F],OD [D],RG
15:40:43,MAPI,"1,180 (+1.29%)",Sell,23,BK [F],OD [D],RG
15:40:43,MAPI,"1,180 (+1.29%)",Sell,8,YU [F],OD [D],RG
15:40:43,MAPI,"1,180 (+1.29%)",Sell,8,YU [F],OD [D],RG
15:40:43,MAPI,"1,180 (+1.29%)",Sell,1,LG [D],OD [D],RG
15:40:43,MAPI,"1,180 (+1.29%)",Sell,69,ZP [F],OD [D],RG
15:40:43,MAPI,"1,180 (+1.29%)",Sell,18,YU [F],OD [D],RG
15:40:43,MAPI,"1,180 (+1.29%)",Sell,9,AK [F],OD [D],RG
15:40:43,MAPI,"1,180 (+1.29%)",Sell,25,AK [F],OD [D],RG
15:40:43,MAPI,"1,180 (+1.29%)",Sell,11,YU [F],OD [D],RG
15:40:43,MAPI,"1,180 (+1.29%)",Sell,1,CC [F],OD [D],RG
15:40:43,MAPI,"1,180 (+1.29%)",Sell,8,YU [F],OD [D],RG
15:40:43,MAPI,"1,180 (+1.29%)",Sell,8,YU [F],OD [D],RG
15:40:43,MAPI,"1,180 (+1.29%)",Sell,11,YU [F],OD [D],RG
15:40:43,MAPI,"1,180 (+1.29%)",Sell,4,YU [F],OD [D],RG
15:40:43,MAPI,"1,180 (+1.29%)",Sell,5,YU [F],OD [D],RG
15:40:43,MAPI,"1,180 (+1.29%)",Sell,6,YU [F],OD [D],RG
15:40:43,MAPI,"1,180 (+1.29%)",Sell,18,BK [F],OD [D],RG
15:40:43,MAPI,"1,180 (+1.29%)",Sell,27,AK [F],OD [D],RG
15:40:43,MAPI,"1,180 (+1.29%)",Sell,3,YU [F],OD [D],RG
15:40:43,MAPI,"1,180 (+1.29%)",Sell,13,AK [F],OD [D],RG
15:40:43,MAPI,"1,180 (+1.29%)",Sell,5,YU [F],OD [D],RG
15:40:43,MAPI,"1,180 (+1.29%)",Sell,56,ZP [F],OD [D],RG
15:40:43,MAPI,"1,180 (+1.29%)",Sell,4,YU [F],OD [D],RG
15:40:43,MAPI,"1,180 (+1.29%)",Sell,7,YU [F],OD [D],RG
15:40:43,MAPI,"1,180 (+1.29%)",Sell,25,AK [F],OD [D],RG
15:40:43,MAPI,"1,180 (+1.29%)",Sell,1,YP [D],OD [D],RG
15:40:43,MAPI,"1,180 (+1.29%)",Sell,9,BK [F],OD [D],RG
15:40:43,MAPI,"1,180 (+1.29%)",Sell,12,AK [F],OD [D],RG
15:40:43,MAPI,"1,180 (+1.29%)",Sell,12,BK [F],OD [D],RG
15:40:43,MAPI,"1,180 (+1.29%)",Sell,10,BK [F],OD [D],RG
15:40:43,MAPI,"1,180 (+1.29%)",Sell,25,AK [F],OD [D],RG
15:40:43,MAPI,"1,180 (+1.29%)",Sell,64,ZP [F],OD [D],RG
15:40:43,MAPI,"1,180 (+1.29%)",Sell,50,ES [D],OD [D],RG
15:40:43,MAPI,"1,180 (+1.29%)",Sell,106,ZP [F],OD [D],RG
15:40:39,MAPI,"1,180 (+1.29%)",Sell,18,ZP [F],BB [D],RG
15:40:35,MAPI,"1,185 (+1.72%)",Buy,5,CC [D],ZP [F],RG
15:40:25,MAPI,"1,180 (+1.29%)",Sell,10,ZP [F],BB [D],RG
15:40:25,MAPI,"1,180 (+1.29%)",Sell,7,AG [F],BB [D],RG
15:40:15,MAPI,"1,180 (+1.29%)",Sell,56,AG [F],XC [D],RG
15:40:15,MAPI,"1,180 (+1.29%)",Sell,12,BK [F],XC [D],RG
15:40:07,MAPI,"1,180 (+1.29%)",Sell,13,BK [F],BB [D],RG
15:40:07,MAPI,"1,180 (+1.29%)",Sell,3,AK [F],BB [D],RG
15:39:46,MAPI,"1,180 (+1.29%)",Sell,8,AK [F],BB [D],RG
15:39:46,MAPI,"1,180 (+1.29%)",Sell,2,AK [F],BB [D],RG
15:39:46,MAPI,"1,180 (+1.29%)",Sell,9,BK [F],BB [D],RG
15:39:35,MAPI,"1,180 (+1.29%)",Sell,16,BK [F],OD [D],RG
15:39:35,MAPI,"1,180 (+1.29%)",Sell,1,BK [F],OD [D],RG
15:39:35,MAPI,"1,180 (+1.29%)",Sell,26,BK [F],OD [D],RG
15:39:35,MAPI,"1,180 (+1.29%)",Sell,32,BK [F],OD [D],RG
15:39:35,MAPI,"1,180 (+1.29%)",Sell,129,RO [D],OD [D],RG
15:39:35,MAPI,"1,180 (+1.29%)",Sell,51,RO [D],OD [D],RG
15:39:30,MAPI,"1,185 (+1.72%)",Buy,22,BK [F],ZP [F],RG
15:39:25,MAPI,"1,185 (+1.72%)",Buy,1,XL [D],ZP [F],RG
15:39:25,MAPI,"1,185 (+1.72%)",Buy,4,XL [D],BK [F],RG
15:39:25,MAPI,"1,180 (+1.29%)",Sell,6,RO [D],BB [D],RG
15:39:19,MAPI,"1,185 (+1.72%)",Buy,1,XL [D],BK [F],RG
15:39:15,MAPI,"1,180 (+1.29%)",Sell,14,RO [D],BB [D],RG
15:39:09,MAPI,"1,180 (+1.29%)",Sell,15,RO [D],BB [D],RG
15:39:06,MAPI,"1,180 (+1.29%)",Sell,15,RO [D],BB [D],RG
15:39:01,MAPI,"1,180 (+1.29%)",Sell,1,RO [D],OD [D],RG
15:38:50,MAPI,"1,180 (+1.29%)",Sell,19,RO [D],BB [D],RG
15:38:17,MAPI,"1,180 (+1.29%)",Sell,11,RO [D],BB [D],RG
15:38:04,MAPI,"1,180 (+1.29%)",Sell,37,RO [D],ZP [F],RG
15:38:03,MAPI,"1,180 (+1.29%)",Sell,2,RO [D],ZP [F],RG
15:38:03,MAPI,"1,180 (+1.29%)",Sell,35,KZ [F],ZP [F],RG
15:38:02,MAPI,"1,185 (+1.72%)",Buy,22,BK [F],BK [F],RG
15:37:59,MAPI,"1,180 (+1.29%)",Sell,3,KZ [F],BB [D],RG
15:37:09,MAPI,"1,180 (+1.29%)",Sell,60,KZ [F],XL [D],RG
15:37:09,MAPI,"1,180 (+1.29%)",Sell,21,KZ [F],XL [D],RG
15:37:04,MAPI,"1,180 (+1.29%)",Sell,33,KZ [F],SQ [D],RG
15:37:04,MAPI,"1,180 (+1.29%)",Sell,3,AK [F],SQ [D],RG
15:37:04,MAPI,"1,180 (+1.29%)",Sell,13,AK [F],SQ [D],RG
15:37:04,MAPI,"1,180 (+1.29%)",Sell,1,AK [F],SQ [D],RG
15:36:58,MAPI,"1,185 (+1.72%)",Buy,121,KZ [F],BK [F],RG
15:36:54,MAPI,"1,180 (+1.29%)",Sell,11,AK [F],ZP [F],RG
15:36:54,MAPI,"1,180 (+1.29%)",Sell,2,AK [F],ZP [F],RG
15:36:54,MAPI,"1,180 (+1.29%)",Sell,15,AK [F],ZP [F],RG
15:36:54,MAPI,"1,180 (+1.29%)",Sell,8,AK [F],ZP [F],RG
15:36:53,MAPI,"1,185 (+1.72%)",Buy,537,KZ [F],BK [F],RG
15:36:53,MAPI,"1,185 (+1.72%)",Buy,7,KZ [F],BB [D],RG
15:36:53,MAPI,"1,185 (+1.72%)",Buy,18,KZ [F],SQ [D],RG
15:36:53,MAPI,"1,185 (+1.72%)",Buy,36,KZ [F],ZP [F],RG
15:36:53,MAPI,"1,185 (+1.72%)",Buy,64,KZ [F],BB [D],RG
15:36:53,MAPI,"1,185 (+1.72%)",Buy,40,KZ [F],XL [D],RG
15:36:53,MAPI,"1,185 (+1.72%)",Buy,129,KZ [F],CP [D],RG
15:36:49,MAPI,"1,180 (+1.29%)",Sell,20,AK [F],ZP [F],RG
15:36:49,MAPI,"1,180 (+1.29%)",Sell,17,AK [F],ZP [F],RG
15:36:48,MAPI,"1,185 (+1.72%)",Buy,19,KZ [F],BB [D],RG
15:36:48,MAPI,"1,185 (+1.72%)",Buy,195,KZ [F],BB [D],RG
15:36:48,MAPI,"1,185 (+1.72%)",Buy,27,KZ [F],BB [D],RG
15:36:48,MAPI,"1,185 (+1.72%)",Buy,15,KZ [F],BB [D],RG
15:36:48,MAPI,"1,185 (+1.72%)",Buy,39,KZ [F],BB [D],RG
15:36:48,MAPI,"1,185 (+1.72%)",Buy,35,KZ [F],ZP [F],RG
15:36:48,MAPI,"1,185 (+1.72%)",Buy,10,KZ [F],BB [D],RG
15:36:48,MAPI,"1,185 (+1.72%)",Buy,35,KZ [F],ZP [F],RG
15:36:48,MAPI,"1,185 (+1.72%)",Buy,729,KZ [F],BK [F],RG
15:36:48,MAPI,"1,185 (+1.72%)",Buy,8,KZ [F],BK [F],RG
15:36:46,MAPI,"1,180 (+1.29%)",Sell,7,AK [F],GR [D],RG
15:36:46,MAPI,"1,180 (+1.29%)",Sell,40,BK [F],GR [D],RG
15:36:46,MAPI,"1,180 (+1.29%)",Sell,1,CC [F],GR [D],RG
15:36:46,MAPI,"1,180 (+1.29%)",Sell,2,BK [F],GR [D],RG
15:36:34,MAPI,"1,180 (+1.29%)",Sell,1,BK [F],CP [D],RG
15:36:29,MAPI,"1,180 (+1.29%)",Sell,17,BK [F],BB [D],RG
15:36:19,MAPI,"1,180 (+1.29%)",Sell,20,BK [F],BB [D],RG
15:36:08,MAPI,"1,180 (+1.29%)",Sell,28,BK [F],BB [D],RG
15:36:08,MAPI,"1,180 (+1.29%)",Sell,1,BK [F],BB [D],RG
15:35:31,MAPI,"1,185 (+1.72%)",Buy,24,BK [F],BK [F],RG
15:35:28,MAPI,"1,180 (+1.29%)",Sell,16,BK [F],BB [D],RG
15:35:21,MAPI,"1,180 (+1.29%)",Sell,19,BK [F],BB [D],RG
15:35:14,MAPI,"1,185 (+1.72%)",Buy,22,BK [F],BK [F],RG
15:35:05,MAPI,"1,185 (+1.72%)",Buy,50,ES [D],BK [F],RG
15:34:45,MAPI,"1,185 (+1.72%)",Buy,21,BK [F],BK [F],RG
15:34:29,MAPI,"1,180 (+1.29%)",Sell,1,BK [F],ZP [F],RG
15:34:29,MAPI,"1,180 (+1.29%)",Sell,36,YU [F],ZP [F],RG
15:34:28,MAPI,"1,180 (+1.29%)",Sell,18,YU [F],ZP [F],RG
15:34:28,MAPI,"1,180 (+1.29%)",Sell,17,AK [F],ZP [F],RG
15:34:28,MAPI,"1,180 (+1.29%)",Sell,1,AK [F],BB [D],RG
15:34:26,MAPI,"1,180 (+1.29%)",Sell,5,AK [F],ZP [F],RG
15:34:26,MAPI,"1,180 (+1.29%)",Sell,27,BK [F],ZP [F],RG
15:34:26,MAPI,"1,180 (+1.29%)",Sell,5,YU [F],ZP [F],RG
15:34:24,MAPI,"1,180 (+1.29%)",Sell,36,YU [F],ZP [F],RG
15:34:23,MAPI,"1,185 (+1.72%)",Sell,45,KZ [F],AK [F],RG
15:34:23,MAPI,"1,185 (+1.72%)",Sell,328,KZ [F],AK [F],RG
15:34:23,MAPI,"1,185 (+1.72%)",Sell,383,KZ [F],CC [F],RG
15:34:23,MAPI,"1,185 (+1.72%)",Buy,260,KZ [F],BK [F],RG
15:34:23,MAPI,"1,185 (+1.72%)",Buy,35,KZ [F],ZP [F],RG
15:34:23,MAPI,"1,185 (+1.72%)",Buy,35,KZ [F],ZP [F],RG
15:34:23,MAPI,"1,185 (+1.72%)",Buy,36,KZ [F],ZP [F],RG
15:34:23,MAPI,"1,185 (+1.72%)",Buy,36,KZ [F],ZP [F],RG
15:34:23,MAPI,"1,185 (+1.72%)",Buy,69,KZ [F],BB [D],RG
15:34:23,MAPI,"1,185 (+1.72%)",Buy,54,KZ [F],BB [D],RG
15:34:23,MAPI,"1,185 (+1.72%)",Buy,1,KZ [F],ZP [D],RG
15:34:23,MAPI,"1,185 (+1.72%)",Buy,45,KZ [F],HP [D],RG
15:34:23,MAPI,"1,185 (+1.72%)",Buy,9,KZ [F],BB [D],RG
15:34:23,MAPI,"1,185 (+1.72%)",Buy,25,KZ [F],CC [D],RG
15:34:23,MAPI,"1,185 (+1.72%)",Buy,12,KZ [F],BB [D],RG
15:34:23,MAPI,"1,185 (+1.72%)",Buy,18,KZ [F],BB [D],RG
15:34:23,MAPI,"1,185 (+1.72%)",Buy,21,KZ [F],BB [D],RG
15:34:23,MAPI,"1,185 (+1.72%)",Buy,292,KZ [F],BK [F],RG
15:34:21,MAPI,"1,180 (+1.29%)",Sell,37,YU [F],ZP [F],RG
15:34:19,MAPI,"1,185 (+1.72%)",Buy,25,BK [F],BK [F],RG
15:34:18,MAPI,"1,180 (+1.29%)",Sell,37,YU [F],ZP [F],RG
15:34:18,MAPI,"1,185 (+1.72%)",Buy,520,KZ [F],BK [F],RG
15:34:18,MAPI,"1,185 (+1.72%)",Buy,22,KZ [F],BB [D],RG
15:34:18,MAPI,"1,185 (+1.72%)",Buy,5,KZ [F],BB [D],RG
15:34:18,MAPI,"1,185 (+1.72%)",Buy,1,KZ [F],PD [D],RG
15:34:18,MAPI,"1,185 (+1.72%)",Buy,24,KZ [F],SQ [D],RG
15:34:18,MAPI,"1,185 (+1.72%)",Buy,9,KZ [F],CC [D],RG
15:34:18,MAPI,"1,185 (+1.72%)",Buy,10,KZ [F],PD [D],RG
15:34:18,MAPI,"1,185 (+1.72%)",Buy,2,KZ [F],XL [D],RG
15:34:18,MAPI,"1,185 (+1.72%)",Buy,67,KZ [F],XC [D],RG
15:34:18,MAPI,"1,185 (+1.72%)",Buy,10,KZ [F],XC [D],RG
15:34:18,MAPI,"1,185 (+1.72%)",Buy,400,KZ [F],CC [D],RG
15:34:18,MAPI,"1,185 (+1.72%)",Buy,20,KZ [F],XL [D],RG
15:34:18,MAPI,"1,185 (+1.72%)",Buy,1,KZ [F],XC [D],RG
15:34:18,MAPI,"1,185 (+1.72%)",Buy,46,KZ [F],OD [D],RG
15:34:18,MAPI,"1,185 (+1.72%)",Buy,96,KZ [F],AZ [D],RG
15:34:18,MAPI,"1,185 (+1.72%)",Buy,58,KZ [F],BB [D],RG
15:34:18,MAPI,"1,185 (+1.72%)",Buy,4,KZ [F],BB [D],RG
15:34:18,MAPI,"1,185 (+1.72%)",Buy,131,KZ [F],BK [F],RG
15:33:34,MAPI,"1,180 (+1.29%)",Sell,14,YU [F],BB [D],RG
15:33:25,MAPI,"1,180 (+1.29%)",Sell,17,YU [F],BB [D],RG
15:32:41,MAPI,"1,180 (+1.29%)",Sell,12,YU [F],BB [D],RG
15:31:50,MAPI,"1,180 (+1.29%)",Sell,38,YU [F],ZP [F],RG
15:31:48,MAPI,"1,180 (+1.29%)",Sell,34,YU [F],ZP [F],RG
15:31:47,MAPI,"1,180 (+1.29%)",Buy,71,BK [F],BB [D],RG
15:31:47,MAPI,"1,180 (+1.29%)",Buy,59,BK [F],BB [D],RG
15:31:47,MAPI,"1,180 (+1.29%)",Buy,56,BK [F],BB [D],RG
15:31:47,MAPI,"1,180 (+1.29%)",Buy,60,BK [F],BB [D],RG
15:31:47,MAPI,"1,180 (+1.29%)",Buy,50,BK [F],CC [D],RG
15:31:47,MAPI,"1,180 (+1.29%)",Buy,20,BK [F],XL [D],RG
15:31:47,MAPI,"1,180 (+1.29%)",Buy,1,BK [F],XL [D],RG
15:31:47,MAPI,"1,180 (+1.29%)",Buy,21,BK [F],BB [D],RG
15:31:47,MAPI,"1,180 (+1.29%)",Buy,31,BK [F],SQ [D],RG
15:31:47,MAPI,"1,180 (+1.29%)",Buy,200,BK [F],BK [F],RG
15:31:47,MAPI,"1,180 (+1.29%)",Buy,40,BK [F],BB [D],RG
15:31:47,MAPI,"1,180 (+1.29%)",Buy,77,BK [F],BB [D],RG
15:31:47,MAPI,"1,180 (+1.29%)",Buy,25,BK [F],PD [D],RG
15:31:47,MAPI,"1,180 (+1.29%)",Buy,125,BK [F],BB [D],RG
15:31:47,MAPI,"1,180 (+1.29%)",Buy,38,AK [F],BB [D],RG
15:31:47,MAPI,"1,180 (+1.29%)",Buy,47,AK [F],BB [D],RG
15:31:47,MAPI,"1,180 (+1.29%)",Buy,16,AK [F],BB [D],RG
15:31:47,MAPI,"1,180 (+1.29%)",Buy,39,AK [F],AG [D],RG
15:31:47,MAPI,"1,180 (+1.29%)",Buy,320,RO [D],AG [D],RG
15:31:37,MAPI,"1,180 (+1.29%)",Buy,4,YU [F],AG [D],RG
15:31:36,MAPI,"1,175 (+0.86%)",Sell,19,YU [F],BB [D],RG
15:31:17,MAPI,"1,180 (+1.29%)",Buy,3,YU [F],AG [D],RG
15:31:17,MAPI,"1,175 (+0.86%)",Sell,11,YU [F],BB [D],RG
15:31:02,MAPI,"1,180 (+1.29%)",Buy,8,YU [F],AG [D],RG
15:31:01,MAPI,"1,175 (+0.86%)",Sell,37,YU [F],ZP [F],RG
15:31:01,MAPI,"1,180 (+1.29%)",Buy,6,YU [F],AG [D],RG
15:31:00,MAPI,"1,175 (+0.86%)",Sell,15,YU [F],BB [D],RG
15:31:00,MAPI,"1,175 (+0.86%)",Sell,13,YU [F],BB [D],RG
15:30:57,MAPI,"1,180 (+1.29%)",Buy,12,YU [F],AG [D],RG
15:30:56,MAPI,"1,175 (+0.86%)",Sell,55,YU [F],BB [D],RG
15:30:44,MAPI,"1,180 (+1.29%)",Buy,2,YU [F],AG [D],RG
15:30:43,MAPI,"1,175 (+0.86%)",Sell,6,YU [F],BB [D],RG
15:30:13,MAPI,"1,175 (+0.86%)",Sell,1,YU [F],XL [D],RG
15:30:08,MAPI,"1,180 (+1.29%)",Buy,2,YU [F],AG [D],RG
15:30:08,MAPI,"1,175 (+0.86%)",Sell,10,YU [F],BB [D],RG
15:29:31,MAPI,"1,180 (+1.29%)",Buy,22,YU [F],AG [D],RG
15:29:31,MAPI,"1,180 (+1.29%)",Buy,15,YU [F],BB [D],RG
15:29:30,MAPI,"1,180 (+1.29%)",Buy,18,XL [D],BB [D],RG
15:29:30,MAPI,"1,180 (+1.29%)",Buy,52,XL [D],BB [D],RG
15:29:30,MAPI,"1,180 (+1.29%)",Buy,33,XL [D],BB [D],RG
15:29:30,MAPI,"1,180 (+1.29%)",Buy,67,XL [D],BK [F],RG
15:29:28,MAPI,"1,180 (+1.29%)",Buy,8,YU [F],BK [F],RG
15:29:27,MAPI,"1,175 (+0.86%)",Sell,36,YU [F],ZP [F],RG
15:29:27,MAPI,"1,180 (+1.29%)",Buy,17,YU [F],BK [F],RG
15:29:27,MAPI,"1,180 (+1.29%)",Buy,1,YU [F],ZP [D],RG
15:29:27,MAPI,"1,180 (+1.29%)",Buy,1,YU [F],ZP [D],RG
15:29:27,MAPI,"1,180 (+1.29%)",Buy,4,YU [F],BB [D],RG
15:29:27,MAPI,"1,180 (+1.29%)",Buy,4,YU [F],BB [D],RG
15:29:27,MAPI,"1,180 (+1.29%)",Buy,7,YU [F],BB [D],RG
15:29:27,MAPI,"1,180 (+1.29%)",Buy,4,YU [F],BB [D],RG
15:29:27,MAPI,"1,180 (+1.29%)",Buy,7,YU [F],BB [D],RG
15:29:27,MAPI,"1,180 (+1.29%)",Buy,7,YU [F],BB [D],RG
15:29:27,MAPI,"1,180 (+1.29%)",Buy,25,YU [F],OD [D],RG
15:29:26,MAPI,"1,175 (+0.86%)",Sell,45,YU [F],BB [D],RG
15:29:26,MAPI,"1,175 (+0.86%)",Sell,1,YP [D],BB [D],RG
15:29:26,MAPI,"1,175 (+0.86%)",Sell,1,TP [D],BB [D],RG
15:29:26,MAPI,"1,175 (+0.86%)",Sell,1,PD [D],BB [D],RG
15:29:26,MAPI,"1,175 (+0.86%)",Sell,20,AG [D],BB [D],RG
15:29:26,MAPI,"1,175 (+0.86%)",Sell,1,XC [D],BB [D],RG
15:29:26,MAPI,"1,175 (+0.86%)",Sell,102,KZ [F],BB [D],RG
15:29:26,MAPI,"1,175 (+0.86%)",Sell,91,KZ [F],BB [D],RG
15:29:26,MAPI,"1,175 (+0.86%)",Sell,8,YP [F],BB [D],RG
15:29:26,MAPI,"1,175 (+0.86%)",Sell,35,XL [D],BB [D],RG
15:29:26,MAPI,"1,175 (+0.86%)",Sell,1,EP [D],BB [D],RG
15:29:26,MAPI,"1,175 (+0.86%)",Sell,10,PD [D],BB [D],RG
15:29:26,MAPI,"1,175 (+0.86%)",Sell,1,XL [D],BB [D],RG
15:29:26,MAPI,"1,175 (+0.86%)",Sell,2,NI [D],BB [D],RG
15:29:26,MAPI,"1,175 (+0.86%)",Sell,30,PD [D],BB [D],RG
15:29:25,MAPI,"1,180 (+1.29%)",Buy,6,YU [F],OD [D],RG
15:29:25,MAPI,"1,175 (+0.86%)",Sell,28,PD [D],KK [D],RG
15:29:17,MAPI,"1,180 (+1.29%)",Buy,11,YU [F],OD [D],RG
15:29:16,MAPI,"1,175 (+0.86%)",Sell,36,PD [D],ZP [F],RG
15:29:16,MAPI,"1,175 (+0.86%)",Sell,15,PD [D],BB [D],RG
15:29:13,MAPI,"1,175 (+0.86%)",Sell,1,PD [D],ZP [D],RG
15:29:04,MAPI,"1,180 (+1.29%)",Buy,5,YU [F],OD [D],RG
15:29:04,MAPI,"1,180 (+1.29%)",Buy,11,YU [F],OD [D],RG
15:29:04,MAPI,"1,175 (+0.86%)",Sell,72,PD [D],BB [D],RG
15:29:01,MAPI,"1,180 (+1.29%)",Buy,1,PD [D],OD [D],RG
15:28:52,MAPI,"1,180 (+1.29%)",Buy,12,YU [F],OD [D],RG
15:28:52,MAPI,"1,175 (+0.86%)",Sell,53,PD [D],BB [D],RG
15:28:41,MAPI,"1,180 (+1.29%)",Buy,5,YU [F],OD [D],RG
15:28:40,MAPI,"1,175 (+0.86%)",Sell,21,PD [D],BB [D],RG
15:28:30,MAPI,"1,175 (+0.86%)",Sell,1,PD [D],ZP [D],RG
15:28:25,MAPI,"1,180 (+1.29%)",Buy,1,YU [F],OD [D],RG
15:28:25,MAPI,"1,180 (+1.29%)",Buy,5,XL [D],OD [D],RG
15:28:21,MAPI,"1,180 (+1.29%)",Buy,3,YU [F],OD [D],RG
15:28:21,MAPI,"1,175 (+0.86%)",Sell,16,PD [D],BB [D],RG
15:28:06,MAPI,"1,180 (+1.29%)",Buy,2,YU [F],OD [D],RG
15:28:05,MAPI,"1,180 (+1.29%)",Buy,8,XL [D],OD [D],RG
15:27:46,MAPI,"1,180 (+1.29%)",Buy,15,YU [F],OD [D],RG
15:27:45,MAPI,"1,175 (+0.86%)",Sell,67,PD [D],BB [D],RG
15:27:39,MAPI,"1,180 (+1.29%)",Buy,5,YU [F],OD [D],RG
15:27:38,MAPI,"1,175 (+0.86%)",Sell,22,PD [D],BB [D],RG
15:27:24,MAPI,"1,180 (+1.29%)",Buy,3,YU [F],OD [D],RG
15:27:24,MAPI,"1,175 (+0.86%)",Sell,16,PD [D],BB [D],RG
15:27:19,MAPI,"1,180 (+1.29%)",Buy,1,YP [D],OD [D],RG
15:26:49,MAPI,"1,180 (+1.29%)",Buy,6,YU [F],OD [D],RG
15:26:48,MAPI,"1,180 (+1.29%)",Sell,2,YU [F],BK [F],RG
15:26:48,MAPI,"1,180 (+1.29%)",Sell,25,BK [F],BK [F],RG
15:26:48,MAPI,"1,180 (+1.29%)",Sell,6,YU [F],BK [F],RG
15:26:48,MAPI,"1,180 (+1.29%)",Sell,12,YU [F],BK [F],RG
15:26:47,MAPI,"1,180 (+1.29%)",Sell,24,YU [F],ZP [F],RG
15:26:47,MAPI,"1,180 (+1.29%)",Sell,11,YU [F],ZP [F],RG
15:26:47,MAPI,"1,180 (+1.29%)",Sell,63,YU [F],BB [D],RG
15:26:47,MAPI,"1,180 (+1.29%)",Sell,8,KZ [F],BB [D],RG
15:26:43,MAPI,"1,180 (+1.29%)",Sell,28,KZ [F],ZP [F],RG
15:26:43,MAPI,"1,180 (+1.29%)",Sell,4,YU [F],ZP [F],RG
15:26:43,MAPI,"1,180 (+1.29%)",Sell,4,BK [F],ZP [F],RG
15:26:43,MAPI,"1,180 (+1.29%)",Sell,20,BK [F],BB [D],RG
15:26:43,MAPI,"1,180 (+1.29%)",Sell,1,XC [D],BB [D],RG
15:26:43,MAPI,"1,180 (+1.29%)",Sell,4,YU [F],BB [D],RG
15:26:43,MAPI,"1,180 (+1.29%)",Sell,27,ZP [F],BB [D],RG
15:26:42,MAPI,"1,180 (+1.29%)",Sell,43,ZP [F],AK [F],RG
15:26:42,MAPI,"1,180 (+1.29%)",Sell,5,YU [F],AK [F],RG
15:26:42,MAPI,"1,180 (+1.29%)",Sell,17,KZ [F],AK [F],RG
15:26:42,MAPI,"1,180 (+1.29%)",Sell,24,BK [F],AK [F],RG
15:26:42,MAPI,"1,180 (+1.29%)",Sell,8,YU [F],AK [F],RG
15:26:42,MAPI,"1,180 (+1.29%)",Sell,10,YU [F],AK [F],RG
15:26:42,MAPI,"1,180 (+1.29%)",Sell,10,YU [F],AG [D],RG
15:26:42,MAPI,"1,180 (+1.29%)",Sell,105,KZ [F],AG [D],RG
15:26:42,MAPI,"1,180 (+1.29%)",Sell,4,YU [F],AG [D],RG
15:26:42,MAPI,"1,180 (+1.29%)",Sell,24,AK [F],AG [D],RG
15:26:42,MAPI,"1,180 (+1.29%)",Sell,21,BK [F],AG [D],RG
15:26:42,MAPI,"1,180 (+1.29%)",Sell,4,YU [F],AG [D],RG
15:26:42,MAPI,"1,180 (+1.29%)",Sell,1,BK [F],AG [D],RG
15:26:42,MAPI,"1,180 (+1.29%)",Sell,8,YU [F],AG [D],RG
15:26:42,MAPI,"1,180 (+1.29%)",Sell,11,AK [F],AG [D],RG
15:26:42,MAPI,"1,180 (+1.29%)",Sell,109,YU [F],AG [D],RG
15:26:42,MAPI,"1,180 (+1.29%)",Sell,3,XC [D],AG [D],RG
15:26:42,MAPI,"1,180 (+1.29%)",Sell,73,KZ [F],AG [D],RG
15:26:42,MAPI,"1,180 (+1.29%)",Sell,5,XL [D],AG [D],RG
15:26:42,MAPI,"1,180 (+1.29%)",Sell,1,CC [F],AG [D],RG
15:26:42,MAPI,"1,180 (+1.29%)",Sell,26,AK [F],AG [D],RG
15:26:42,MAPI,"1,180 (+1.29%)",Sell,36,KZ [F],AG [D],RG
15:26:42,MAPI,"1,180 (+1.29%)",Sell,2,AK [F],AG [D],RG
15:26:42,MAPI,"1,180 (+1.29%)",Sell,24,BK [F],AG [D],RG
15:26:42,MAPI,"1,180 (+1.29%)",Sell,11,AK [F],AG [D],RG
15:26:42,MAPI,"1,180 (+1.29%)",Sell,22,ZP [F],AG [D],RG
15:26:38,MAPI,"1,180 (+1.29%)",Sell,21,ZP [F],BB [D],RG
15:26:24,MAPI,"1,180 (+1.29%)",Sell,16,ZP [F],BB [D],RG
15:26:13,MAPI,"1,180 (+1.29%)",Sell,3,ZP [F],CC [D],RG
15:26:13,MAPI,"1,180 (+1.29%)",Sell,22,KZ [F],CC [D],RG
15:26:00,MAPI,"1,180 (+1.29%)",Sell,11,KZ [F],ZP [F],RG
15:26:00,MAPI,"1,180 (+1.29%)",Sell,1,CC [D],ZP [F],RG
15:26:00,MAPI,"1,180 (+1.29%)",Sell,23,AG [F],ZP [F],RG
15:26:00,MAPI,"1,180 (+1.29%)",Sell,39,AG [F],OD [D],RG
15:26:00,MAPI,"1,180 (+1.29%)",Sell,23,BK [F],OD [D],RG
15:26:00,MAPI,"1,180 (+1.29%)",Sell,27,KZ [F],OD [D],RG
15:26:00,MAPI,"1,180 (+1.29%)",Sell,2,BK [F],OD [D],RG
15:25:47,MAPI,"1,165 (-2.51%)",Buy,0.06,ZP [F],ZP [F],NG
15:25:38,MAPI,"1,180 (+1.29%)",Sell,20,BK [F],BB [D],RG
15:25:28,MAPI,"1,180 (+1.29%)",Sell,1,BK [F],BB [D],RG
15:25:28,MAPI,"1,180 (+1.29%)",Sell,13,BK [F],BB [D],RG
15:25:18,MAPI,"1,180 (+1.29%)",Sell,11,BK [F],ZP [F],RG
15:25:18,MAPI,"1,180 (+1.29%)",Sell,24,KZ [F],ZP [F],RG
15:25:18,MAPI,"1,180 (+1.29%)",Sell,5,KZ [F],AG [D],RG
15:25:18,MAPI,"1,180 (+1.29%)",Sell,25,AK [F],AG [D],RG
15:25:18,MAPI,"1,180 (+1.29%)",Sell,23,BK [F],AG [D],RG
15:25:18,MAPI,"1,180 (+1.29%)",Sell,87,ZP [F],AG [D],RG
15:25:18,MAPI,"1,180 (+1.29%)",Sell,5,XL [D],AG [D],RG
15:25:18,MAPI,"1,180 (+1.29%)",Sell,5,XC [D],AG [D],RG
15:25:18,MAPI,"1,180 (+1.29%)",Sell,12,AK [F],AG [D],RG
15:25:18,MAPI,"1,180 (+1.29%)",Sell,23,AK [F],AG [D],RG
15:25:18,MAPI,"1,180 (+1.29%)",Sell,1,BK [F],AG [D],RG
15:25:18,MAPI,"1,180 (+1.29%)",Sell,28,KZ [F],AG [D],RG
15:25:18,MAPI,"1,180 (+1.29%)",Sell,23,BK [F],AG [D],RG
15:25:18,MAPI,"1,180 (+1.29%)",Sell,23,BK [F],AG [D],RG
15:25:18,MAPI,"1,180 (+1.29%)",Sell,17,KZ [F],AG [D],RG
15:25:18,MAPI,"1,180 (+1.29%)",Sell,23,BK [F],AG [D],RG
15:25:18,MAPI,"1,180 (+1.29%)",Sell,25,BK [F],AG [D],RG
15:25:18,MAPI,"1,180 (+1.29%)",Sell,175,KZ [F],AG [D],RG
15:24:43,MAPI,"1,180 (+1.29%)",Sell,1,KZ [F],CC [D],RG
15:24:40,MAPI,"1,185 (+1.72%)",Buy,4,YU [F],BK [F],RG
15:24:40,MAPI,"1,180 (+1.29%)",Sell,20,KZ [F],BB [D],RG
15:24:38,MAPI,"1,185 (+1.72%)",Buy,3,YU [F],BK [F],RG
15:24:37,MAPI,"1,180 (+1.29%)",Sell,14,KZ [F],BB [D],RG
15:24:36,MAPI,"1,180 (+1.29%)",Sell,37,KZ [F],ZP [F],RG
15:24:35,MAPI,"1,180 (+1.29%)",Sell,50,KZ [F],BB [D],RG
15:24:32,MAPI,"1,185 (+1.72%)",Buy,121,YU [F],BK [F],RG
15:24:31,MAPI,"1,180 (+1.29%)",Sell,36,KZ [F],ZP [F],RG
15:24:31,MAPI,"1,180 (+1.29%)",Sell,70,KZ [F],BB [D],RG
15:24:31,MAPI,"1,180 (+1.29%)",Sell,103,KZ [F],GR [D],RG
15:24:31,MAPI,"1,180 (+1.29%)",Sell,69,AG [F],GR [D],RG
15:24:31,MAPI,"1,180 (+1.29%)",Sell,23,BK [F],GR [D],RG
15:24:31,MAPI,"1,180 (+1.29%)",Sell,23,AK [F],GR [D],RG
15:24:31,MAPI,"1,180 (+1.29%)",Sell,1,XC [D],GR [D],RG
15:24:31,MAPI,"1,180 (+1.29%)",Sell,1,XC [D],GR [D],RG
15:24:31,MAPI,"1,180 (+1.29%)",Sell,11,AK [F],GR [D],RG
15:24:31,MAPI,"1,180 (+1.29%)",Sell,2,AK [F],GR [D],RG
15:24:31,MAPI,"1,180 (+1.29%)",Sell,1,SQ [D],GR [D],RG
15:24:31,MAPI,"1,180 (+1.29%)",Sell,23,BK [F],GR [D],RG
15:24:31,MAPI,"1,180 (+1.29%)",Sell,23,BK [F],GR [D],RG
15:24:31,MAPI,"1,180 (+1.29%)",Sell,83,ZP [F],GR [D],RG
15:24:31,MAPI,"1,180 (+1.29%)",Sell,12,BK [F],GR [D],RG
15:24:05,MAPI,"1,185 (+1.72%)",Buy,8,YU [F],BK [F],RG
15:24:04,MAPI,"1,185 (+1.72%)",Buy,17,YU [F],BK [F],RG
15:24:04,MAPI,"1,185 (+1.72%)",Buy,35,YU [F],BK [F],RG
15:24:04,MAPI,"1,180 (+1.29%)",Sell,11,BK [F],BB [D],RG
15:24:04,MAPI,"1,180 (+1.29%)",Sell,1,XC [D],BB [D],RG
15:24:04,MAPI,"1,180 (+1.29%)",Sell,10,YP [D],BB [D],RG
15:24:04,MAPI,"1,180 (+1.29%)",Sell,25,AK [F],BB [D],RG
15:24:04,MAPI,"1,180 (+1.29%)",Sell,20,AG [F],BB [D],RG
15:24:01,MAPI,"1,185 (+1.72%)",Buy,10,YU [F],BK [F],RG
15:24:01,MAPI,"1,185 (+1.72%)",Buy,10,YU [F],BK [F],RG
15:24:01,MAPI,"1,180 (+1.29%)",Sell,38,AG [F],ZP [F],RG
15:24:00,MAPI,"1,185 (+1.72%)",Buy,35,YU [F],BK [F],RG
15:24:00,MAPI,"1,185 (+1.72%)",Buy,42,YU [F],BK [F],RG
15:24:00,MAPI,"1,180 (+1.29%)",Sell,7,AG [F],OD [D],RG
15:24:00,MAPI,"1,180 (+1.29%)",Sell,11,AK [F],OD [D],RG
15:24:00,MAPI,"1,180 (+1.29%)",Sell,23,BK [F],OD [D],RG
15:24:00,MAPI,"1,180 (+1.29%)",Sell,1,YP [D],OD [D],RG
15:24:00,MAPI,"1,180 (+1.29%)",Sell,28,AK [F],OD [D],RG
15:24:00,MAPI,"1,180 (+1.29%)",Sell,2,AK [F],OD [D],RG
15:24:00,MAPI,"1,180 (+1.29%)",Sell,11,AK [F],OD [D],RG
15:24:00,MAPI,"1,180 (+1.29%)",Sell,22,BK [F],OD [D],RG
15:24:00,MAPI,"1,180 (+1.29%)",Sell,34,ZP [F],OD [D],RG
15:23:45,MAPI,"1,185 (+1.72%)",Buy,9,YU [F],BK [F],RG
15:23:45,MAPI,"1,185 (+1.72%)",Buy,21,BK [F],BK [F],RG
15:23:44,MAPI,"1,180 (+1.29%)",Sell,15,ZP [F],BB [D],RG
15:23:43,MAPI,"1,185 (+1.72%)",Buy,1,YU [F],BK [F],RG
15:23:43,MAPI,"1,185 (+1.72%)",Buy,5,YU [F],BK [F],RG
15:23:43,MAPI,"1,185 (+1.72%)",Buy,5,YU [F],BK [F],RG
15:23:42,MAPI,"1,180 (+1.29%)",Sell,20,ZP [F],BB [D],RG
15:22:52,MAPI,"1,185 (+1.72%)",Buy,1,YU [F],BK [F],RG
15:22:51,MAPI,"1,185 (+1.72%)",Buy,4,YU [F],BK [F],RG
15:22:51,MAPI,"1,185 (+1.72%)",Buy,4,YU [F],BK [F],RG
15:22:51,MAPI,"1,180 (+1.29%)",Sell,15,ZP [F],BB [D],RG
15:22:46,MAPI,"1,185 (+1.72%)",Buy,4,YU [F],BK [F],RG
15:22:45,MAPI,"1,180 (+1.29%)",Sell,8,ZP [F],BB [D],RG
15:22:45,MAPI,"1,180 (+1.29%)",Sell,12,BK [F],BB [D],RG
15:22:33,MAPI,"1,185 (+1.72%)",Buy,12,YU [F],BK [F],RG
15:22:33,MAPI,"1,180 (+1.29%)",Sell,9,BK [F],BB [D],RG
15:22:33,MAPI,"1,180 (+1.29%)",Sell,15,YP [D],BB [D],RG
15:22:33,MAPI,"1,180 (+1.29%)",Sell,32,AG [F],BB [D],RG
15:22:19,MAPI,"1,185 (+1.72%)",Buy,21,YU [F],BK [F],RG
15:22:18,MAPI,"1,180 (+1.29%)",Sell,30,AG [F],BB [D],RG
15:22:18,MAPI,"1,180 (+1.29%)",Sell,22,BK [F],BB [D],RG
15:22:18,MAPI,"1,180 (+1.29%)",Sell,5,PD [D],BB [D],RG
15:22:18,MAPI,"1,180 (+1.29%)",Sell,15,AK [F],BB [D],RG
15:22:12,MAPI,"1,185 (+1.72%)",Buy,23,XC [D],BK [F],RG
15:21:56,MAPI,"1,185 (+1.72%)",Buy,3,YU [F],BK [F],RG
15:21:55,MAPI,"1,180 (+1.29%)",Sell,12,AK [F],BB [D],RG
15:21:55,MAPI,"1,180 (+1.29%)",Sell,3,BK [F],BB [D],RG
15:21:48,MAPI,"1,185 (+1.72%)",Buy,13,YU [F],BK [F],RG
15:21:48,MAPI,"1,180 (+1.29%)",Sell,19,BK [F],BB [D],RG
15:21:46,MAPI,"1,185 (+1.72%)",Buy,38,KZ [F],BK [F],RG
15:21:40,MAPI,"1,185 (+1.72%)",Buy,7,YU [F],BK [F],RG
15:21:40,MAPI,"1,180 (+1.29%)",Sell,1,BK [F],ZP [D],RG
15:21:39,MAPI,"1,185 (+1.72%)",Buy,20,DR [D],BK [F],RG
15:21:16,MAPI,"1,185 (+1.72%)",Buy,13,KZ [F],BK [F],RG
15:21:04,MAPI,"1,185 (+1.72%)",Buy,3,YU [F],BK [F],RG
15:21:03,MAPI,"1,180 (+1.29%)",Sell,1,BK [F],BB [D],RG
15:21:03,MAPI,"1,180 (+1.29%)",Sell,10,AK [F],BB [D],RG
15:21:03,MAPI,"1,180 (+1.29%)",Sell,3,AK [F],BB [D],RG
15:20:56,MAPI,"1,185 (+1.72%)",Buy,18,YU [F],BK [F],RG
15:20:56,MAPI,"1,180 (+1.29%)",Sell,22,AK [F],AZ [D],RG
15:20:56,MAPI,"1,180 (+1.29%)",Sell,37,XC [D],AZ [D],RG
15:20:56,MAPI,"1,180 (+1.29%)",Sell,18,KZ [F],AZ [D],RG
15:20:56,MAPI,"1,180 (+1.29%)",Sell,1,KZ [F],XC [D],RG
15:20:54,MAPI,"1,185 (+1.72%)",Buy,9,YU [F],BK [F],RG
15:20:53,MAPI,"1,180 (+1.29%)",Sell,13,KZ [F],BB [D],RG
15:20:53,MAPI,"1,180 (+1.29%)",Sell,10,AG [F],BB [D],RG
15:20:46,MAPI,"1,185 (+1.72%)",Buy,22,KZ [F],BK [F],RG
15:20:24,MAPI,"1,185 (+1.72%)",Buy,7,YU [F],BK [F],RG
15:20:23,MAPI,"1,180 (+1.29%)",Sell,20,AG [F],XL [D],RG
15:20:20,MAPI,"1,185 (+1.72%)",Buy,11,OD [D],BK [F],RG
15:20:19,MAPI,"1,185 (+1.72%)",Buy,12,YU [F],BK [F],RG
15:20:18,MAPI,"1,180 (+1.29%)",Sell,32,AG [F],BB [D],RG
15:20:18,MAPI,"1,180 (+1.29%)",Sell,1,BK [F],BB [D],RG
15:20:18,MAPI,"1,180 (+1.29%)",Sell,10,DH [D],BB [D],RG
15:20:18,MAPI,"1,180 (+1.29%)",Sell,9,KZ [F],BB [D],RG
15:20:12,MAPI,"1,185 (+1.72%)",Buy,3,YU [F],BK [F],RG
15:20:11,MAPI,"1,180 (+1.29%)",Sell,15,KZ [F],BB [D],RG
15:20:03,MAPI,"1,185 (+1.72%)",Buy,16,YU [F],BK [F],RG
15:20:03,MAPI,"1,180 (+1.29%)",Sell,6,KZ [F],BB [D],RG
15:20:03,MAPI,"1,180 (+1.29%)",Sell,66,ZP [F],BB [D],RG
15:19:50,MAPI,"1,185 (+1.72%)",Buy,4,YU [F],BK [F],RG
15:19:50,MAPI,"1,180 (+1.29%)",Sell,21,ZP [F],BB [D],RG
15:19:43,MAPI,"1,185 (+1.72%)",Buy,15,YU [F],BK [F],RG
15:19:42,MAPI,"1,180 (+1.29%)",Sell,1,ZP [F],BB [D],RG
15:19:42,MAPI,"1,180 (+1.29%)",Sell,67,KZ [F],BB [D],RG
15:19:18,MAPI,"1,185 (+1.72%)",Buy,3,YU [F],BK [F],RG
15:19:18,MAPI,"1,180 (+1.29%)",Sell,12,KZ [F],BB [D],RG
15:19:18,MAPI,"1,180 (+1.29%)",Sell,2,AK [F],BB [D],RG
15:19:06,MAPI,"1,185 (+1.72%)",Buy,75,YU [F],BK [F],RG
15:19:06,MAPI,"1,180 (+1.29%)",Sell,24,AK [F],BB [D],RG
15:19:06,MAPI,"1,180 (+1.29%)",Sell,200,XC [D],BB [D],RG
15:19:06,MAPI,"1,180 (+1.29%)",Sell,12,AK [F],BB [D],RG
15:19:06,MAPI,"1,180 (+1.29%)",Sell,3,KZ [F],BB [D],RG
15:19:06,MAPI,"1,180 (+1.29%)",Sell,5,NI [D],BB [D],RG
15:19:06,MAPI,"1,180 (+1.29%)",Sell,2,AK [F],BB [D],RG
15:19:06,MAPI,"1,180 (+1.29%)",Sell,2,KZ [F],BB [D],RG
15:19:06,MAPI,"1,180 (+1.29%)",Sell,4,KK [D],BB [D],RG
15:19:06,MAPI,"1,180 (+1.29%)",Sell,8,KZ [F],BB [D],RG
15:19:06,MAPI,"1,180 (+1.29%)",Sell,24,AK [F],BB [D],RG
15:19:06,MAPI,"1,180 (+1.29%)",Sell,1,KZ [F],BB [D],RG
15:19:06,MAPI,"1,180 (+1.29%)",Sell,1,CC [F],BB [D],RG
15:19:06,MAPI,"1,180 (+1.29%)",Sell,55,KZ [F],BB [D],RG
15:18:50,MAPI,"1,185 (+1.72%)",Buy,5,YU [F],BK [F],RG
15:18:49,MAPI,"1,180 (+1.29%)",Sell,23,KZ [F],BB [D],RG
15:18:27,MAPI,"1,185 (+1.72%)",Buy,4,YU [F],BK [F],RG
15:18:26,MAPI,"1,180 (+1.29%)",Sell,17,KZ [F],BB [D],RG
15:18:11,MAPI,"1,185 (+1.72%)",Buy,15,YU [F],BK [F],RG
15:18:10,MAPI,"1,180 (+1.29%)",Sell,52,KZ [F],BB [D],RG
15:18:02,MAPI,"1,185 (+1.72%)",Buy,17,CC [D],BK [F],RG
15:18:02,MAPI,"1,185 (+1.72%)",Buy,6,YU [F],BK [F],RG
15:18:01,MAPI,"1,180 (+1.29%)",Sell,25,KZ [F],XL [D],RG
15:17:46,MAPI,"1,185 (+1.72%)",Buy,15,YU [F],BK [F],RG
15:17:45,MAPI,"1,180 (+1.29%)",Sell,70,KZ [F],BB [D],RG
15:17:44,MAPI,"1,185 (+1.72%)",Buy,4,YU [F],BK [F],RG
15:17:44,MAPI,"1,180 (+1.29%)",Sell,19,KZ [F],BB [D],RG
15:17:24,MAPI,"1,185 (+1.72%)",Buy,3,YU [F],BK [F],RG
15:17:23,MAPI,"1,180 (+1.29%)",Sell,14,KZ [F],BB [D],RG
15:17:00,MAPI,"1,185 (+1.72%)",Buy,22,YU [F],BK [F],RG
15:17:00,MAPI,"1,180 (+1.29%)",Sell,97,KZ [F],OD [D],RG
15:16:50,MAPI,"1,185 (+1.72%)",Buy,4,YU [F],BK [F],RG
15:16:49,MAPI,"1,180 (+1.29%)",Sell,20,KZ [F],BB [D],RG
15:16:33,MAPI,"1,185 (+1.72%)",Buy,11,YU [F],BK [F],RG
15:16:33,MAPI,"1,180 (+1.29%)",Sell,15,KZ [F],BB [D],RG
15:16:09,MAPI,"1,185 (+1.72%)",Buy,33,XC [D],BK [F],RG
15:16:05,MAPI,"1,185 (+1.72%)",Buy,26,YU [F],BK [F],RG
15:16:04,MAPI,"1,180 (+1.29%)",Sell,64,KZ [F],XL [D],RG
15:16:04,MAPI,"1,180 (+1.29%)",Sell,55,KZ [F],BB [D],RG
15:16:00,MAPI,"1,185 (+1.72%)",Buy,32,YU [F],BK [F],RG
15:16:00,MAPI,"1,180 (+1.29%)",Sell,148,KZ [F],OD [D],RG
15:15:53,MAPI,"1,185 (+1.72%)",Buy,23,YU [F],BK [F],RG
15:15:53,MAPI,"1,180 (+1.29%)",Sell,19,KZ [F],BB [D],RG
15:15:44,MAPI,"1,185 (+1.72%)",Buy,84,YP [D],BK [F],RG
15:15:38,MAPI,"1,185 (+1.72%)",Buy,3,YU [F],BK [F],RG
15:15:38,MAPI,"1,180 (+1.29%)",Sell,16,KZ [F],BB [D],RG
15:15:34,MAPI,"1,185 (+1.72%)",Buy,16,YU [F],BK [F],RG
15:15:33,MAPI,"1,180 (+1.29%)",Sell,72,KZ [F],BB [D],RG
15:15:27,MAPI,"1,180 (+1.29%)",Sell,1,KZ [F],YP [D],RG
15:15:15,MAPI,"1,185 (+1.72%)",Buy,15,YU [F],BK [F],RG
15:15:15,MAPI,"1,180 (+1.29%)",Sell,68,KZ [F],BB [D],RG
15:14:59,MAPI,"1,185 (+1.72%)",Buy,5,YU [F],BK [F],RG
15:14:58,MAPI,"1,180 (+1.29%)",Sell,22,KZ [F],BB [D],RG
15:14:42,MAPI,"1,185 (+1.72%)",Buy,3,YU [F],BK [F],RG
15:14:42,MAPI,"1,180 (+1.29%)",Sell,15,KZ [F],BB [D],RG
15:13:57,MAPI,"1,185 (+1.72%)",Buy,5,YU [F],BK [F],RG
15:13:56,MAPI,"1,180 (+1.29%)",Sell,22,KZ [F],BB [D],RG
15:13:52,MAPI,"1,185 (+1.72%)",Buy,12,YU [F],BK [F],RG
15:13:52,MAPI,"1,180 (+1.29%)",Sell,52,KZ [F],BB [D],RG
15:13:46,MAPI,"1,185 (+1.72%)",Buy,3,YU [F],BK [F],RG
15:13:46,MAPI,"1,180 (+1.29%)",Sell,16,KZ [F],BB [D],RG
15:13:16,MAPI,"1,185 (+1.72%)",Buy,16,YU [F],BK [F],RG
15:13:16,MAPI,"1,180 (+1.29%)",Sell,74,KZ [F],BB [D],RG
15:12:54,MAPI,"1,185 (+1.72%)",Buy,5,YU [F],BK [F],RG
15:12:54,MAPI,"1,180 (+1.29%)",Sell,20,KZ [F],BB [D],RG
15:12:48,MAPI,"1,185 (+1.72%)",Buy,3,YU [F],BK [F],RG
15:12:47,MAPI,"1,180 (+1.29%)",Sell,15,KZ [F],BB [D],RG
15:12:05,MAPI,"1,185 (+1.72%)",Buy,3,YU [F],BK [F],RG
15:12:04,MAPI,"1,180 (+1.29%)",Sell,12,KZ [F],XL [D],RG
15:11:58,MAPI,"1,185 (+1.72%)",Buy,4,YU [F],BK [F],RG
15:11:57,MAPI,"1,180 (+1.29%)",Sell,20,KZ [F],BB [D],RG
15:11:56,MAPI,"1,185 (+1.72%)",Buy,3,YU [F],BK [F],RG
15:11:55,MAPI,"1,180 (+1.29%)",Sell,14,KZ [F],BB [D],RG
15:11:44,MAPI,"1,185 (+1.72%)",Buy,12,YU [F],BK [F],RG
15:11:43,MAPI,"1,180 (+1.29%)",Sell,52,KZ [F],BB [D],RG
15:11:04,MAPI,"1,185 (+1.72%)",Buy,3,YU [F],BK [F],RG
15:11:04,MAPI,"1,180 (+1.29%)",Sell,16,KZ [F],BB [D],RG
15:10:58,MAPI,"1,185 (+1.72%)",Buy,5,YU [F],BK [F],RG
15:10:58,MAPI,"1,180 (+1.29%)",Sell,16,KZ [F],BB [D],RG
15:10:58,MAPI,"1,180 (+1.29%)",Sell,5,AG [F],BB [D],RG
15:10:56,MAPI,"1,185 (+1.72%)",Buy,16,YU [F],BK [F],RG
15:10:55,MAPI,"1,180 (+1.29%)",Sell,55,AG [F],BB [D],RG
15:10:55,MAPI,"1,180 (+1.29%)",Sell,18,ZP [F],BB [D],RG
15:10:52,MAPI,"1,185 (+1.72%)",Buy,15,YU [F],BK [F],RG
15:10:52,MAPI,"1,180 (+1.29%)",Sell,60,ZP [F],BB [D],RG
15:10:52,MAPI,"1,180 (+1.29%)",Sell,9,AK [F],BB [D],RG
15:10:43,MAPI,"1,185 (+1.72%)",Buy,124,YU [F],BK [F],RG
15:10:42,MAPI,"1,180 (+1.29%)",Sell,3,AK [F],XC [D],RG
15:10:42,MAPI,"1,180 (+1.29%)",Sell,43,NI [D],XC [D],RG
15:10:42,MAPI,"1,180 (+1.29%)",Sell,1,PD [D],XC [D],RG
15:10:42,MAPI,"1,180 (+1.29%)",Sell,10,YP [D],XC [D],RG
15:10:42,MAPI,"1,180 (+1.29%)",Sell,10,XL [D],XC [D],RG
15:10:42,MAPI,"1,180 (+1.29%)",Sell,43,YP [D],XC [D],RG
15:10:42,MAPI,"1,180 (+1.29%)",Sell,272,KZ [F],XC [D],RG
15:10:42,MAPI,"1,180 (+1.29%)",Sell,20,PD [D],XC [D],RG
15:10:42,MAPI,"1,180 (+1.29%)",Sell,100,PD [D],XC [D],RG
15:10:42,MAPI,"1,180 (+1.29%)",Sell,47,XL [D],XC [D],RG
15:10:42,MAPI,"1,180 (+1.29%)",Sell,10,NI [D],XC [D],RG
15:10:42,MAPI,"1,180 (+1.29%)",Sell,5,XL [D],XC [D],RG
15:10:42,MAPI,"1,180 (+1.29%)",Sell,1,YP [D],XC [D],RG
15:10:38,MAPI,"1,185 (+1.72%)",Buy,21,YU [F],BK [F],RG
15:10:37,MAPI,"1,180 (+1.29%)",Sell,96,YP [D],AZ [D],RG
15:10:04,MAPI,"1,185 (+1.72%)",Buy,3,YU [F],BK [F],RG
15:10:04,MAPI,"1,180 (+1.29%)",Sell,3,YP [D],BB [D],RG
15:10:04,MAPI,"1,180 (+1.29%)",Sell,1,XC [D],BB [D],RG
15:10:04,MAPI,"1,180 (+1.29%)",Sell,1,YP [D],BB [D],RG
15:10:04,MAPI,"1,180 (+1.29%)",Sell,10,DR [D],BB [D],RG
15:10:01,MAPI,"1,185 (+1.72%)",Buy,4,YU [F],BK [F],RG
15:10:00,MAPI,"1,180 (+1.29%)",Sell,19,DR [D],BB [D],RG
15:09:38,MAPI,"1,185 (+1.72%)",Buy,11,YU [F],BK [F],RG
15:09:38,MAPI,"1,180 (+1.29%)",Sell,21,DR [D],BB [D],RG
15:09:38,MAPI,"1,180 (+1.29%)",Sell,26,XL [D],BB [D],RG
15:09:13,MAPI,"1,185 (+1.72%)",Buy,3,YU [F],BK [F],RG
15:09:12,MAPI,"1,180 (+1.29%)",Sell,14,XL [D],BB [D],RG
15:09:12,MAPI,"1,180 (+1.29%)",Sell,1,XL [D],BB [D],RG
15:09:06,MAPI,"1,185 (+1.72%)",Buy,4,YU [F],BK [F],RG
15:09:05,MAPI,"1,180 (+1.29%)",Sell,4,XL [D],BB [D],RG
15:09:05,MAPI,"1,180 (+1.29%)",Sell,1,XC [D],BB [D],RG
15:09:05,MAPI,"1,180 (+1.29%)",Sell,12,XC [D],BB [D],RG
15:08:42,MAPI,"1,185 (+1.72%)",Buy,16,YU [F],BK [F],RG
15:08:42,MAPI,"1,185 (+1.72%)",Buy,2,YU [F],BB [D],RG
15:08:42,MAPI,"1,185 (+1.72%)",Buy,2,YU [F],BB [D],RG
15:08:42,MAPI,"1,185 (+1.72%)",Buy,3,YU [F],BB [D],RG
15:08:42,MAPI,"1,180 (+1.29%)",Sell,248,XC [D],NI [D],RG
15:08:36,MAPI,"1,180 (+1.29%)",Sell,69,XC [D],BB [D],RG
15:08:33,MAPI,"1,180 (+1.29%)",Sell,3,XC [D],BB [D],RG
15:08:31,MAPI,"1,180 (+1.29%)",Sell,50,XC [D],XC [D],RG
15:08:10,MAPI,"1,180 (+1.29%)",Sell,18,XC [D],BB [D],RG
15:08:10,MAPI,"1,180 (+1.29%)",Sell,1,PD [D],BB [D],RG
15:08:10,MAPI,"1,180 (+1.29%)",Sell,7,XL [D],BB [D],RG
15:08:10,MAPI,"1,180 (+1.29%)",Sell,1,PD [D],BB [D],RG
15:08:10,MAPI,"1,180 (+1.29%)",Sell,1,SQ [D],BB [D],RG
15:08:10,MAPI,"1,180 (+1.29%)",Sell,5,AZ [D],BB [D],RG
15:08:10,MAPI,"1,180 (+1.29%)",Sell,1,KI [D],BB [D],RG
15:08:00,MAPI,"1,180 (+1.29%)",Sell,4,KI [D],OD [D],RG
15:08:00,MAPI,"1,180 (+1.29%)",Sell,50,CP [D],OD [D],RG
15:08:00,MAPI,"1,180 (+1.29%)",Sell,5,YB [D],OD [D],RG
15:08:00,MAPI,"1,180 (+1.29%)",Sell,85,EP [D],OD [D],RG
15:07:45,MAPI,"1,185 (+1.72%)",Buy,1,SQ [D],BB [D],RG
15:07:32,MAPI,"1,180 (+1.29%)",Sell,50,EP [D],BB [D],RG
15:07:17,MAPI,"1,180 (+1.29%)",Sell,23,EP [D],BB [D],RG
15:07:16,MAPI,"1,180 (+1.29%)",Sell,11,EP [D],BB [D],RG
15:07:16,MAPI,"1,180 (+1.29%)",Sell,6,HD [F],BB [D],RG
15:06:26,MAPI,"1,180 (+1.29%)",Sell,70,HD [F],BB [D],RG
15:06:23,MAPI,"1,180 (+1.29%)",Sell,10,HD [F],BB [D],RG
15:06:23,MAPI,"1,180 (+1.29%)",Sell,2,XL [D],BB [D],RG
15:06:23,MAPI,"1,180 (+1.29%)",Sell,1,XL [D],BB [D],RG
15:06:23,MAPI,"1,180 (+1.29%)",Sell,5,XL [D],BB [D],RG
15:06:23,MAPI,"1,180 (+1.29%)",Sell,4,XL [D],BB [D],RG
15:06:23,MAPI,"1,180 (+1.29%)",Sell,11,YU [F],BB [D],RG
15:06:13,MAPI,"1,180 (+1.29%)",Sell,14,YU [F],BB [D],RG
15:06:12,MAPI,"1,180 (+1.29%)",Sell,21,YU [F],BB [D],RG
15:05:42,MAPI,"1,185 (+1.72%)",Buy,4,KK [D],BB [D],RG
15:05:28,MAPI,"1,180 (+1.29%)",Sell,4,YU [F],BB [D],RG
15:05:13,MAPI,"1,180 (+1.29%)",Sell,3,YU [F],BB [D],RG
15:05:12,MAPI,"1,180 (+1.29%)",Sell,22,YU [F],BB [D],RG
15:04:58,MAPI,"1,180 (+1.29%)",Sell,6,YU [F],BB [D],RG
15:04:43,MAPI,"1,180 (+1.29%)",Sell,3,YU [F],BB [D],RG
15:04:34,MAPI,"1,180 (+1.29%)",Sell,1,YU [F],XC [D],RG
15:04:31,MAPI,"1,180 (+1.29%)",Sell,18,YU [F],BB [D],RG
15:04:30,MAPI,"1,180 (+1.29%)",Sell,9,YU [F],BB [D],RG
15:04:24,MAPI,"1,180 (+1.29%)",Sell,1,YU [F],BB [D],RG
15:04:16,MAPI,"1,185 (+1.72%)",Buy,65,YU [F],BK [F],RG
15:04:16,MAPI,"1,185 (+1.72%)",Buy,107,YU [F],BK [F],RG
15:04:16,MAPI,"1,190 (+2.15%)",Buy,74,YU [F],CC [D],RG
15:04:16,MAPI,"1,190 (+2.15%)",Buy,260,YU [F],CC [D],RG
15:04:16,MAPI,"1,190 (+2.15%)",Buy,9,YU [F],XC [D],RG
15:04:16,MAPI,"1,190 (+2.15%)",Buy,33,YU [F],BB [D],RG
15:04:16,MAPI,"1,190 (+2.15%)",Buy,83,YU [F],TP [F],RG
15:04:16,MAPI,"1,190 (+2.15%)",Buy,67,YU [F],YP [D],RG
15:04:16,MAPI,"1,190 (+2.15%)",Buy,1,YU [F],XL [D],RG
15:04:16,MAPI,"1,190 (+2.15%)",Buy,2,YU [F],AZ [D],RG
15:04:16,MAPI,"1,190 (+2.15%)",Buy,81,YU [F],BB [D],RG
15:04:16,MAPI,"1,190 (+2.15%)",Buy,138,YU [F],BB [D],RG
15:04:16,MAPI,"1,190 (+2.15%)",Buy,122,YU [F],BB [D],RG
15:04:16,MAPI,"1,190 (+2.15%)",Buy,83,YU [F],AT [D],RG
15:04:16,MAPI,"1,190 (+2.15%)",Buy,6,YU [F],AT [D],RG
15:04:16,MAPI,"1,190 (+2.15%)",Buy,1,YU [F],XL [D],RG
15:04:16,MAPI,"1,190 (+2.15%)",Buy,36,YU [F],XL [D],RG
15:04:16,MAPI,"1,190 (+2.15%)",Buy,2,YU [F],XL [D],RG
15:04:16,MAPI,"1,190 (+2.15%)",Buy,18,YU [F],TP [F],RG
15:04:16,MAPI,"1,190 (+2.15%)",Buy,9,YU [F],TP [F],RG
15:04:16,MAPI,"1,190 (+2.15%)",Buy,9,YU [F],TP [F],RG
15:04:16,MAPI,"1,190 (+2.15%)",Buy,37,YU [F],CC [F],RG
15:04:16,MAPI,"1,190 (+2.15%)",Buy,46,YU [F],CC [F],RG
15:04:16,MAPI,"1,190 (+2.15%)",Buy,39,YU [F],CC [F],RG
15:04:16,MAPI,"1,190 (+2.15%)",Buy,1,YU [F],CC [F],RG
15:04:16,MAPI,"1,190 (+2.15%)",Buy,12,YU [F],CC [F],RG
15:04:16,MAPI,"1,190 (+2.15%)",Buy,1,YU [F],CC [F],RG
15:04:16,MAPI,"1,190 (+2.15%)",Buy,9,YU [F],CC [F],RG
15:04:16,MAPI,"1,190 (+2.15%)",Buy,10,YU [F],XL [D],RG
15:04:16,MAPI,"1,190 (+2.15%)",Buy,292,YU [F],CC [D],RG
15:04:16,MAPI,"1,190 (+2.15%)",Buy,262,YU [F],CC [D],RG
15:04:16,MAPI,"1,185 (+1.72%)",Buy,20,YU [F],HD [F],RG
15:04:16,MAPI,"1,185 (+1.72%)",Sell,9,XL [D],BK [F],RG
15:04:16,MAPI,"1,185 (+1.72%)",Sell,1,CC [F],BK [F],RG
15:04:16,MAPI,"1,185 (+1.72%)",Sell,5,YP [D],BK [F],RG
15:04:16,MAPI,"1,185 (+1.72%)",Sell,28,AK [F],BK [F],RG
15:04:16,MAPI,"1,185 (+1.72%)",Sell,23,BK [F],BK [F],RG
15:04:16,MAPI,"1,185 (+1.72%)",Sell,23,BK [F],BK [F],RG
15:04:16,MAPI,"1,185 (+1.72%)",Sell,40,XC [D],BK [F],RG
15:04:16,MAPI,"1,185 (+1.72%)",Sell,1,BK [F],BK [F],RG
15:04:16,MAPI,"1,185 (+1.72%)",Sell,2,AK [F],BK [F],RG
15:04:16,MAPI,"1,185 (+1.72%)",Sell,10,YP [D],BK [F],RG
15:04:16,MAPI,"1,185 (+1.72%)",Sell,27,AK [F],BK [F],RG
15:04:16,MAPI,"1,185 (+1.72%)",Sell,98,ZP [F],BK [F],RG
15:04:16,MAPI,"1,185 (+1.72%)",Sell,23,BK [F],BK [F],RG
15:04:16,MAPI,"1,185 (+1.72%)",Sell,25,AK [F],BK [F],RG
15:04:16,MAPI,"1,185 (+1.72%)",Sell,2,XL [D],BK [F],RG
15:04:16,MAPI,"1,185 (+1.72%)",Sell,23,KZ [F],BK [F],RG
15:04:16,MAPI,"1,185 (+1.72%)",Sell,11,AK [F],BK [F],RG
15:04:16,MAPI,"1,185 (+1.72%)",Sell,28,AK [F],BK [F],RG
15:04:16,MAPI,"1,185 (+1.72%)",Sell,2,AK [F],BK [F],RG
15:04:16,MAPI,"1,185 (+1.72%)",Sell,19,YP [D],BK [F],RG
15:04:16,MAPI,"1,185 (+1.72%)",Sell,23,AK [F],BK [F],RG
15:04:16,MAPI,"1,185 (+1.72%)",Sell,25,SQ [D],BK [F],RG
15:04:16,MAPI,"1,185 (+1.72%)",Sell,1,BK [F],BK [F],RG
15:04:16,MAPI,"1,185 (+1.72%)",Sell,10,AK [F],BK [F],RG
15:04:16,MAPI,"1,185 (+1.72%)",Sell,25,BK [F],BK [F],RG
15:04:16,MAPI,"1,185 (+1.72%)",Sell,1,BK [F],BK [F],RG
15:04:16,MAPI,"1,185 (+1.72%)",Sell,39,BK [F],BK [F],RG
15:04:16,MAPI,"1,185 (+1.72%)",Sell,"2,128",AK [F],BK [F],RG
15:04:16,MAPI,"1,185 (+1.72%)",Sell,23,AK [F],BK [F],RG
15:04:16,MAPI,"1,185 (+1.72%)",Sell,7,YP [F],BK [F],RG
15:04:16,MAPI,"1,185 (+1.72%)",Sell,83,ZP [F],BK [F],RG
15:04:16,MAPI,"1,185 (+1.72%)",Sell,23,BK [F],BK [F],RG
15:04:16,MAPI,"1,185 (+1.72%)",Sell,11,AK [F],BK [F],RG
15:04:16,MAPI,"1,185 (+1.72%)",Sell,23,BK [F],BK [F],RG
15:04:16,MAPI,"1,185 (+1.72%)",Sell,2,AK [F],BK [F],RG
15:04:16,MAPI,"1,185 (+1.72%)",Sell,79,ZP [F],BK [F],RG
15:04:16,MAPI,"1,185 (+1.72%)",Sell,23,BK [F],BK [F],RG
15:04:16,MAPI,"1,185 (+1.72%)",Sell,66,AG [F],BK [F],RG
15:04:16,MAPI,"1,185 (+1.72%)",Sell,12,AK [F],BK [F],RG
15:04:16,MAPI,"1,185 (+1.72%)",Sell,100,CC [D],BK [F],RG
15:04:16,MAPI,"1,185 (+1.72%)",Sell,61,KZ [F],BK [F],RG
15:04:16,MAPI,"1,185 (+1.72%)",Sell,100,NI [D],BK [F],RG
15:04:16,MAPI,"1,185 (+1.72%)",Sell,23,AK [F],BK [F],RG
15:04:16,MAPI,"1,185 (+1.72%)",Sell,2,KK [D],BK [F],RG
15:04:16,MAPI,"1,185 (+1.72%)",Sell,66,ZP [F],BK [F],RG
15:04:16,MAPI,"1,185 (+1.72%)",Sell,64,AG [F],BK [F],RG
15:04:16,MAPI,"1,185 (+1.72%)",Sell,14,CC [D],BK [F],RG
15:04:16,MAPI,"1,185 (+1.72%)",Sell,12,AK [F],BK [F],RG
15:04:16,MAPI,"1,185 (+1.72%)",Sell,2,AK [F],BK [F],RG
15:04:16,MAPI,"1,185 (+1.72%)",Sell,2,KZ [F],BK [F],RG
15:04:16,MAPI,"1,185 (+1.72%)",Sell,10,XC [D],BK [F],RG
15:04:16,MAPI,"1,185 (+1.72%)",Sell,186,KZ [F],BK [F],RG
15:04:16,MAPI,"1,185 (+1.72%)",Sell,11,AK [F],BK [F],RG
15:04:16,MAPI,"1,185 (+1.72%)",Sell,61,AG [F],BK [F],RG
15:04:16,MAPI,"1,185 (+1.72%)",Sell,69,ZP [F],BK [F],RG
15:04:16,MAPI,"1,185 (+1.72%)",Sell,1,LG [D],BK [F],RG
15:04:16,MAPI,"1,185 (+1.72%)",Sell,23,BK [F],BK [F],RG
15:04:16,MAPI,"1,185 (+1.72%)",Sell,13,BK [F],BK [F],RG
15:04:16,MAPI,"1,185 (+1.72%)",Sell,8,BK [F],BK [F],RG
15:04:16,MAPI,"1,185 (+1.72%)",Sell,1,BK [F],BK [F],RG
15:04:16,MAPI,"1,185 (+1.72%)",Sell,23,BK [F],BK [F],RG
15:04:16,MAPI,"1,185 (+1.72%)",Sell,11,AK [F],BK [F],RG
15:04:16,MAPI,"1,185 (+1.72%)",Sell,18,BK [F],BK [F],RG
15:04:16,MAPI,"1,185 (+1.72%)",Sell,500,DR [D],BK [F],RG
15:04:16,MAPI,"1,185 (+1.72%)",Sell,64,AG [F],BK [F],RG
15:04:16,MAPI,"1,185 (+1.72%)",Sell,24,BK [F],BK [F],RG
15:04:16,MAPI,"1,185 (+1.72%)",Sell,23,BK [F],BK [F],RG
15:04:16,MAPI,"1,185 (+1.72%)",Sell,54,ZP [F],BK [F],RG
15:04:16,MAPI,"1,185 (+1.72%)",Sell,2,AK [F],BK [F],RG
15:04:16,MAPI,"1,185 (+1.72%)",Sell,343,AK [F],BK [F],RG
15:04:16,MAPI,"1,185 (+1.72%)",Sell,11,AK [F],BK [F],RG
15:04:16,MAPI,"1,185 (+1.72%)",Sell,23,BK [F],BK [F],RG
15:04:16,MAPI,"1,185 (+1.72%)",Sell,23,BK [F],BK [F],RG
15:04:16,MAPI,"1,185 (+1.72%)",Sell,60,AG [F],BK [F],RG
15:04:16,MAPI,"1,185 (+1.72%)",Sell,23,BK [F],BK [F],RG
15:04:16,MAPI,"1,185 (+1.72%)",Sell,2,YP [D],BK [F],RG
15:04:16,MAPI,"1,185 (+1.72%)",Sell,20,BK [F],BK [F],RG
15:04:16,MAPI,"1,185 (+1.72%)",Sell,27,BK [F],BK [F],RG
15:04:16,MAPI,"1,185 (+1.72%)",Sell,288,KZ [F],BK [F],RG
15:04:16,MAPI,"1,185 (+1.72%)",Sell,70,ZP [F],BK [F],RG
15:04:16,MAPI,"1,185 (+1.72%)",Sell,23,BK [F],BK [F],RG
15:04:16,MAPI,"1,185 (+1.72%)",Sell,10,XL [D],BK [F],RG
15:04:16,MAPI,"1,185 (+1.72%)",Sell,1,BK [F],BK [F],RG
15:04:16,MAPI,"1,185 (+1.72%)",Sell,"1,035",AK [F],BK [F],RG
15:04:16,MAPI,"1,185 (+1.72%)",Sell,16,KZ [F],BK [F],RG
15:04:16,MAPI,"1,185 (+1.72%)",Sell,24,BK [F],BK [F],RG
15:04:16,MAPI,"1,185 (+1.72%)",Sell,24,BK [F],BK [F],RG
15:04:16,MAPI,"1,185 (+1.72%)",Sell,2,KZ [F],BK [F],RG
15:04:16,MAPI,"1,185 (+1.72%)",Sell,23,BK [F],BK [F],RG
15:04:16,MAPI,"1,185 (+1.72%)",Sell,13,AK [F],BK [F],RG
15:04:16,MAPI,"1,185 (+1.72%)",Sell,50,YP [D],BK [F],RG
15:04:16,MAPI,"1,185 (+1.72%)",Sell,2,AK [F],BK [F],RG
15:04:16,MAPI,"1,185 (+1.72%)",Sell,100,XL [D],BK [F],RG
15:04:16,MAPI,"1,185 (+1.72%)",Sell,23,BK [F],BK [F],RG
15:04:16,MAPI,"1,185 (+1.72%)",Sell,20,XL [D],BK [F],RG
15:04:16,MAPI,"1,185 (+1.72%)",Sell,23,BK [F],BK [F],RG
15:04:16,MAPI,"1,185 (+1.72%)",Sell,66,ZP [F],BK [F],RG
15:04:16,MAPI,"1,185 (+1.72%)",Sell,68,AG [F],BK [F],RG
15:04:16,MAPI,"1,185 (+1.72%)",Sell,1,XL [D],BK [F],RG
15:04:16,MAPI,"1,185 (+1.72%)",Sell,3,XL [D],BK [F],RG
15:04:16,MAPI,"1,185 (+1.72%)",Sell,10,YP [D],BK [F],RG
15:04:16,MAPI,"1,185 (+1.72%)",Sell,2,XL [D],BK [F],RG
15:04:16,MAPI,"1,185 (+1.72%)",Sell,68,ZP [F],BK [F],RG
15:04:16,MAPI,"1,185 (+1.72%)",Sell,13,AK [F],BK [F],RG
15:04:16,MAPI,"1,185 (+1.72%)",Sell,58,AG [F],BK [F],RG
15:04:16,MAPI,"1,185 (+1.72%)",Sell,21,BK [F],BK [F],RG
15:04:16,MAPI,"1,185 (+1.72%)",Sell,927,KZ [F],BK [F],RG
15:04:16,MAPI,"1,185 (+1.72%)",Sell,1,KZ [F],BB [D],RG
15:04:15,MAPI,"1,185 (+1.72%)",Sell,4,KZ [F],BB [D],RG
15:04:01,MAPI,"1,190 (+2.15%)",Buy,2,YU [F],CC [D],RG
15:04:01,MAPI,"1,185 (+1.72%)",Sell,3,KZ [F],BB [D],RG
15:04:00,MAPI,"1,185 (+1.72%)",Sell,3,KZ [F],BB [D],RG
15:04:00,MAPI,"1,190 (+2.15%)",Buy,2,XL [D],CC [D],RG
15:03:46,MAPI,"1,190 (+2.15%)",Buy,2,YU [F],CC [D],RG
15:03:46,MAPI,"1,185 (+1.72%)",Sell,4,KZ [F],BB [D],RG
15:03:45,MAPI,"1,185 (+1.72%)",Sell,7,KZ [F],BB [D],RG
15:03:31,MAPI,"1,190 (+2.15%)",Buy,7,YU [F],CC [D],RG
15:03:31,MAPI,"1,185 (+1.72%)",Sell,1,KZ [F],BB [D],RG
15:03:30,MAPI,"1,185 (+1.72%)",Sell,5,KZ [F],BB [D],RG
15:03:28,MAPI,"1,190 (+2.15%)",Buy,25,AK [F],CC [D],RG
15:03:16,MAPI,"1,190 (+2.15%)",Buy,1,YU [F],CC [D],RG
15:03:16,MAPI,"1,185 (+1.72%)",Sell,4,KZ [F],BB [D],RG
15:03:13,MAPI,"1,185 (+1.72%)",Sell,1,KZ [F],BB [D],RG
15:02:56,MAPI,"1,190 (+2.15%)",Buy,3,YU [F],CC [D],RG
15:02:56,MAPI,"1,190 (+2.15%)",Buy,10,AK [F],CC [D],RG
15:02:46,MAPI,"1,185 (+1.72%)",Sell,5,KZ [F],BB [D],RG
15:02:31,MAPI,"1,190 (+2.15%)",Buy,13,YU [F],CC [D],RG
15:02:31,MAPI,"1,185 (+1.72%)",Sell,11,KZ [F],BB [D],RG
15:02:26,MAPI,"1,190 (+2.15%)",Buy,23,BK [F],CC [D],RG
15:02:18,MAPI,"1,190 (+2.15%)",Buy,23,BK [F],CC [D],RG
15:02:11,MAPI,"1,190 (+2.15%)",Buy,6,YU [F],CC [D],RG
15:02:10,MAPI,"1,185 (+1.72%)",Sell,26,KZ [F],XL [D],RG
15:02:06,MAPI,"1,190 (+2.15%)",Buy,36,YU [F],CC [D],RG
15:02:06,MAPI,"1,185 (+1.72%)",Sell,67,KZ [F],BB [D],RG
15:01:54,MAPI,"1,190 (+2.15%)",Buy,15,BK [F],CC [D],RG
15:01:54,MAPI,"1,190 (+2.15%)",Buy,8,BK [F],SQ [D],RG
15:01:19,MAPI,"1,190 (+2.15%)",Buy,22,BK [F],SQ [D],RG
15:00:56,MAPI,"1,190 (+2.15%)",Buy,23,AK [F],SQ [D],RG
15:00:08,MAPI,"1,190 (+2.15%)",Buy,8,XL [D],SQ [D],RG
14:59:54,MAPI,"1,190 (+2.15%)",Buy,25,BK [F],SQ [D],RG
14:59:30,MAPI,"1,190 (+2.15%)",Buy,52,YU [F],SQ [D],RG
14:59:30,MAPI,"1,185 (+1.72%)",Sell,147,KZ [F],OD [D],RG
14:59:20,MAPI,"1,190 (+2.15%)",Buy,89,AG [F],SQ [D],RG
14:59:00,MAPI,"1,185 (+1.72%)",Sell,1,KZ [F],PD [D],RG
14:59:00,MAPI,"1,190 (+2.15%)",Buy,6,YU [F],SQ [D],RG
14:59:00,MAPI,"1,185 (+1.72%)",Sell,1,KZ [F],OD [D],RG
14:58:33,MAPI,"1,190 (+2.15%)",Buy,23,BK [F],SQ [D],RG
14:58:26,MAPI,"1,190 (+2.15%)",Buy,10,YU [F],SQ [D],RG
14:58:25,MAPI,"1,185 (+1.72%)",Sell,8,KZ [F],XL [D],RG
14:58:22,MAPI,"1,190 (+2.15%)",Buy,4,CC [D],SQ [D],RG
14:58:14,MAPI,"1,190 (+2.15%)",Buy,13,AK [F],SQ [D],RG
14:58:14,MAPI,"1,190 (+2.15%)",Buy,23,BK [F],SQ [D],RG
14:57:56,MAPI,"1,190 (+2.15%)",Buy,141,YU [F],SQ [D],RG
14:57:56,MAPI,"1,185 (+1.72%)",Sell,339,KZ [F],BB [D],RG
14:57:53,MAPI,"1,190 (+2.15%)",Buy,92,AG [F],SQ [D],RG
14:57:46,MAPI,"1,190 (+2.15%)",Buy,24,AK [F],SQ [D],RG
14:57:46,MAPI,"1,185 (+1.72%)",Sell,66,KZ [F],BB [D],RG
14:57:34,MAPI,"1,190 (+2.15%)",Buy,24,BK [F],SQ [D],RG
14:57:22,MAPI,"1,190 (+2.15%)",Buy,25,BK [F],SQ [D],RG
14:55:15,MAPI,"1,190 (+2.15%)",Buy,24,BK [F],SQ [D],RG
14:55:00,MAPI,"1,190 (+2.15%)",Buy,24,BK [F],SQ [D],RG
14:54:37,MAPI,"1,190 (+2.15%)",Buy,24,AK [F],SQ [D],RG
14:54:22,MAPI,"1,190 (+2.15%)",Buy,76,YU [F],SQ [D],RG
14:54:21,MAPI,"1,185 (+1.72%)",Sell,109,KZ [F],YP [D],RG
14:54:12,MAPI,"1,190 (+2.15%)",Buy,23,BK [F],SQ [D],RG
14:53:59,MAPI,"1,190 (+2.15%)",Buy,104,ZP [F],SQ [D],RG
14:53:56,MAPI,"1,190 (+2.15%)",Buy,88,KZ [F],SQ [D],RG
14:53:47,MAPI,"1,190 (+2.15%)",Buy,23,BK [F],SQ [D],RG
14:53:28,MAPI,"1,190 (+2.15%)",Buy,55,YU [F],SQ [D],RG
14:53:27,MAPI,"1,185 (+1.72%)",Sell,29,KZ [F],BB [D],RG
14:53:26,MAPI,"1,190 (+2.15%)",Buy,14,KZ [F],SQ [D],RG
14:53:15,MAPI,"1,190 (+2.15%)",Buy,56,ZP [F],SQ [D],RG
14:52:56,MAPI,"1,190 (+2.15%)",Buy,24,BK [F],SQ [D],RG
14:51:56,MAPI,"1,190 (+2.15%)",Buy,77,KZ [F],SQ [D],RG
14:51:54,MAPI,"1,190 (+2.15%)",Buy,26,AK [F],SQ [D],RG
14:51:54,MAPI,"1,190 (+2.15%)",Buy,22,BK [F],SQ [D],RG
14:51:00,MAPI,"1,190 (+2.15%)",Buy,21,YU [F],SQ [D],RG
14:51:00,MAPI,"1,185 (+1.72%)",Sell,84,KZ [F],OD [D],RG
14:51:00,MAPI,"1,185 (+1.72%)",Sell,1,BK [F],OD [D],RG
14:51:00,MAPI,"1,185 (+1.72%)",Sell,12,BK [F],OD [D],RG
14:50:56,MAPI,"1,190 (+2.15%)",Buy,183,YU [F],SQ [D],RG
14:50:56,MAPI,"1,190 (+2.15%)",Buy,126,KZ [F],SQ [D],RG
14:50:56,MAPI,"1,190 (+2.15%)",Buy,117,KZ [F],CC [F],RG
14:50:56,MAPI,"1,190 (+2.15%)",Buy,1,KZ [F],PD [D],RG
14:50:56,MAPI,"1,190 (+2.15%)",Buy,225,KZ [F],TP [F],RG
14:50:56,MAPI,"1,190 (+2.15%)",Buy,238,KZ [F],TP [F],RG
14:50:40,MAPI,"1,190 (+2.15%)",Buy,3,YP [D],TP [F],RG
14:50:40,MAPI,"1,190 (+2.15%)",Buy,7,YP [D],BB [D],RG
14:50:38,MAPI,"1,190 (+2.15%)",Buy,25,BK [F],BB [D],RG
14:50:29,MAPI,"1,190 (+2.15%)",Buy,8,BK [F],BB [D],RG
14:50:29,MAPI,"1,190 (+2.15%)",Buy,14,BK [F],TP [F],RG
14:50:07,MAPI,"1,190 (+2.15%)",Buy,17,AK [F],TP [F],RG
14:49:56,MAPI,"1,190 (+2.15%)",Buy,44,KZ [F],TP [F],RG
14:49:26,MAPI,"1,190 (+2.15%)",Buy,9,KZ [F],TP [F],RG
14:49:23,MAPI,"1,190 (+2.15%)",Buy,61,YU [F],TP [F],RG
14:49:23,MAPI,"1,185 (+1.72%)",Sell,12,BK [F],YP [D],RG
14:49:23,MAPI,"1,185 (+1.72%)",Sell,4,AK [F],YP [D],RG
14:49:01,MAPI,"1,190 (+2.15%)",Buy,260,KZ [F],TP [F],RG
14:49:00,MAPI,"1,190 (+2.15%)",Buy,27,YU [F],TP [F],RG
14:49:00,MAPI,"1,185 (+1.72%)",Sell,67,AK [F],BB [D],RG
14:48:31,MAPI,"1,190 (+2.15%)",Buy,1,KZ [F],TP [F],RG
14:48:26,MAPI,"1,190 (+2.15%)",Buy,24,BK [F],TP [F],RG
14:48:14,MAPI,"1,190 (+2.15%)",Buy,25,BK [F],TP [F],RG
14:47:55,MAPI,"1,190 (+2.15%)",Buy,1,BK [F],TP [F],RG
14:47:34,MAPI,"1,190 (+2.15%)",Buy,6,YP [F],TP [F],RG
14:47:26,MAPI,"1,190 (+2.15%)",Buy,3,YU [F],TP [F],RG
14:47:25,MAPI,"1,185 (+1.72%)",Sell,9,AK [F],BB [D],RG
14:47:22,MAPI,"1,190 (+2.15%)",Buy,1,YP [D],TP [F],RG
14:47:21,MAPI,"1,190 (+2.15%)",Buy,5,EP [D],TP [F],RG
14:46:49,MAPI,"1,190 (+2.15%)",Buy,39,YU [F],BK [F],RG
14:46:48,MAPI,"1,185 (+1.72%)",Sell,4,AK [F],PD [D],RG
14:46:39,MAPI,"1,190 (+2.15%)",Buy,10,XL [D],BK [F],RG
14:46:37,MAPI,"1,190 (+2.15%)",Buy,22,BK [F],BK [F],RG
14:46:29,MAPI,"1,190 (+2.15%)",Buy,24,BK [F],BK [F],RG
14:46:24,MAPI,"1,190 (+2.15%)",Buy,82,AG [F],BK [F],RG
14:46:17,MAPI,"1,190 (+2.15%)",Buy,15,NI [D],BK [F],RG
14:46:14,MAPI,"1,190 (+2.15%)",Buy,21,BK [F],BK [F],RG
14:46:12,MAPI,"1,190 (+2.15%)",Buy,23,YU [F],BK [F],RG
14:46:12,MAPI,"1,185 (+1.72%)",Sell,45,AK [F],XL [D],RG
14:45:45,MAPI,"1,190 (+2.15%)",Buy,10,YP [D],BK [F],RG
14:45:39,MAPI,"1,190 (+2.15%)",Buy,18,AK [F],BK [F],RG
14:45:39,MAPI,"1,190 (+2.15%)",Buy,9,AK [F],BK [F],RG
14:45:14,MAPI,"1,190 (+2.15%)",Buy,22,BK [F],BK [F],RG
14:44:40,MAPI,"1,190 (+2.15%)",Buy,45,YU [F],BK [F],RG
14:44:40,MAPI,"1,185 (+1.72%)",Sell,67,AK [F],BB [D],RG
14:43:57,MAPI,"1,190 (+2.15%)",Buy,24,BK [F],BK [F],RG
14:43:31,MAPI,"1,190 (+2.15%)",Buy,112,KZ [F],BK [F],RG
14:43:01,MAPI,"1,190 (+2.15%)",Buy,92,YU [F],BK [F],RG
14:43:01,MAPI,"1,190 (+2.15%)",Buy,15,YU [F],BK [F],RG
14:43:01,MAPI,"1,190 (+2.15%)",Buy,415,KZ [F],BK [F],RG
14:42:56,MAPI,"1,190 (+2.15%)",Buy,23,BK [F],BK [F],RG
14:42:45,MAPI,"1,190 (+2.15%)",Buy,22,BK [F],BK [F],RG
14:42:41,MAPI,"1,190 (+2.15%)",Buy,27,AK [F],BK [F],RG
14:41:56,MAPI,"1,190 (+2.15%)",Buy,59,YU [F],BK [F],RG
14:41:56,MAPI,"1,190 (+2.15%)",Buy,21,BK [F],BK [F],RG
14:41:54,MAPI,"1,190 (+2.15%)",Buy,137,OD [F],BK [F],RG
14:41:53,MAPI,"1,190 (+2.15%)",Buy,23,BK [F],BK [F],RG
14:41:31,MAPI,"1,190 (+2.15%)",Buy,90,KZ [F],BK [F],RG
14:41:22,MAPI,"1,190 (+2.15%)",Buy,44,YU [F],BK [F],RG
14:41:21,MAPI,"1,185 (+1.72%)",Sell,200,AK [F],PD [D],RG
14:41:20,MAPI,"1,190 (+2.15%)",Buy,195,YU [F],BK [F],RG
14:41:19,MAPI,"1,190 (+2.15%)",Buy,311,AK [F],BK [F],RG
14:41:19,MAPI,"1,190 (+2.15%)",Buy,96,AK [F],AZ [D],RG
14:41:19,MAPI,"1,190 (+2.15%)",Buy,108,AK [F],CC [F],RG
14:41:19,MAPI,"1,190 (+2.15%)",Buy,115,AK [F],CC [F],RG
14:41:19,MAPI,"1,190 (+2.15%)",Buy,32,AK [F],TP [F],RG
14:41:19,MAPI,"1,190 (+2.15%)",Buy,125,AK [F],BB [D],RG
14:41:19,MAPI,"1,190 (+2.15%)",Buy,35,AK [F],BB [D],RG
14:40:41,MAPI,"1,190 (+2.15%)",Buy,11,KZ [F],BB [D],RG
14:40:41,MAPI,"1,190 (+2.15%)",Buy,37,KZ [F],BK [F],RG
14:40:21,MAPI,"1,190 (+2.15%)",Buy,20,PD [D],BK [F],RG
14:40:16,MAPI,"1,190 (+2.15%)",Buy,49,YU [F],BK [F],RG
14:40:16,MAPI,"1,185 (+1.72%)",Sell,22,AK [F],BB [D],RG
14:40:15,MAPI,"1,190 (+2.15%)",Buy,25,AK [F],BK [F],RG
14:39:53,MAPI,"1,190 (+2.15%)",Buy,36,OD [F],BK [F],RG
14:39:53,MAPI,"1,190 (+2.15%)",Buy,21,OD [F],SQ [D],RG
14:39:53,MAPI,"1,190 (+2.15%)",Buy,43,OD [F],BB [D],RG
14:39:45,MAPI,"1,190 (+2.15%)",Buy,2,BK [F],BB [D],RG
14:39:45,MAPI,"1,190 (+2.15%)",Buy,21,BK [F],KK [D],RG
14:39:38,MAPI,"1,190 (+2.15%)",Buy,21,BK [F],KK [D],RG
14:39:15,MAPI,"1,190 (+2.15%)",Buy,1,BK [F],KK [D],RG
14:39:11,MAPI,"1,190 (+2.15%)",Buy,7,KZ [F],KK [D],RG
14:39:04,MAPI,"1,190 (+2.15%)",Buy,1,BK [F],KK [D],RG
14:39:04,MAPI,"1,190 (+2.15%)",Buy,20,BK [F],PD [D],RG
14:39:01,MAPI,"1,190 (+2.15%)",Buy,5,YU [F],PD [D],RG
14:39:01,MAPI,"1,190 (+2.15%)",Buy,16,YU [F],TP [F],RG
14:39:01,MAPI,"1,190 (+2.15%)",Buy,9,YU [F],TP [F],RG
14:39:01,MAPI,"1,190 (+2.15%)",Buy,30,YU [F],OD [D],RG
14:39:00,MAPI,"1,185 (+1.72%)",Sell,67,AK [F],OD [D],RG
14:38:44,MAPI,"1,190 (+2.15%)",Buy,22,BK [F],OD [D],RG
14:38:41,MAPI,"1,190 (+2.15%)",Buy,112,KZ [F],OD [D],RG
14:38:41,MAPI,"1,190 (+2.15%)",Buy,31,KZ [F],SQ [D],RG
14:38:41,MAPI,"1,190 (+2.15%)",Buy,7,KZ [F],XC [D],RG
14:38:16,MAPI,"1,190 (+2.15%)",Buy,6,KZ [F],XC [D],RG
14:38:16,MAPI,"1,190 (+2.15%)",Buy,7,KZ [F],XC [D],RG
14:38:12,MAPI,"1,190 (+2.15%)",Buy,5,AK [F],XC [D],RG
14:38:12,MAPI,"1,190 (+2.15%)",Buy,18,AK [F],TP [F],RG
14:38:02,MAPI,"1,190 (+2.15%)",Buy,6,YU [F],KK [D],RG
14:38:01,MAPI,"1,185 (+1.72%)",Sell,1,AK [F],CC [D],RG
14:37:49,MAPI,"1,190 (+2.15%)",Buy,1,CC [D],KK [D],RG
14:37:29,MAPI,"1,190 (+2.15%)",Buy,24,BK [F],KK [D],RG
14:37:13,MAPI,"1,190 (+2.15%)",Buy,5,YU [F],KK [D],RG
14:37:13,MAPI,"1,185 (+1.72%)",Sell,4,AK [F],AZ [D],RG
14:36:18,MAPI,"1,190 (+2.15%)",Buy,22,BK [F],KK [D],RG
14:36:00,MAPI,"1,190 (+2.15%)",Buy,34,YU [F],KK [D],RG
14:36:00,MAPI,"1,185 (+1.72%)",Sell,121,AK [F],OD [D],RG
14:36:00,MAPI,"1,185 (+1.72%)",Sell,1,YP [D],OD [D],RG
14:36:00,MAPI,"1,185 (+1.72%)",Sell,31,KZ [F],OD [D],RG
14:35:57,MAPI,"1,190 (+2.15%)",Buy,35,YU [F],KK [D],RG
14:35:57,MAPI,"1,185 (+1.72%)",Sell,67,KZ [F],BB [D],RG
14:35:55,MAPI,"1,190 (+2.15%)",Buy,24,AK [F],KK [D],RG
14:35:33,MAPI,"1,190 (+2.15%)",Buy,22,BK [F],KK [D],RG
14:35:11,MAPI,"1,190 (+2.15%)",Buy,22,BK [F],KK [D],RG
14:35:07,MAPI,"1,190 (+2.15%)",Buy,5,BK [F],KK [D],RG
14:35:07,MAPI,"1,190 (+2.15%)",Buy,20,BK [F],TP [F],RG
14:34:58,MAPI,"1,190 (+2.15%)",Buy,1,YU [F],TP [F],RG
14:34:58,MAPI,"1,190 (+2.15%)",Buy,6,YU [F],YP [D],RG
14:34:57,MAPI,"1,185 (+1.72%)",Sell,31,KZ [F],SQ [D],RG
14:34:50,MAPI,"1,190 (+2.15%)",Buy,1,YP [D],YP [D],RG
14:34:18,MAPI,"1,190 (+2.15%)",Buy,13,YU [F],YP [D],RG
14:34:18,MAPI,"1,190 (+2.15%)",Buy,8,YU [F],TP [F],RG
14:34:18,MAPI,"1,190 (+2.15%)",Buy,19,YU [F],SQ [D],RG
14:34:18,MAPI,"1,185 (+1.72%)",Sell,29,KZ [F],AZ [D],RG
14:34:18,MAPI,"1,185 (+1.72%)",Sell,2,KK [D],AZ [D],RG
14:34:18,MAPI,"1,185 (+1.72%)",Sell,34,OD [D],AZ [D],RG
14:34:18,MAPI,"1,185 (+1.72%)",Sell,31,YU [F],AZ [D],RG
14:33:45,MAPI,"1,190 (+2.15%)",Buy,23,AK [F],SQ [D],RG
14:33:00,MAPI,"1,190 (+2.15%)",Buy,21,BK [F],SQ [D],RG
14:32:55,MAPI,"1,190 (+2.15%)",Buy,21,BK [F],SQ [D],RG
14:32:22,MAPI,"1,190 (+2.15%)",Buy,16,BK [F],SQ [D],RG
14:32:22,MAPI,"1,190 (+2.15%)",Buy,1,BK [F],YP [D],RG
14:32:22,MAPI,"1,190 (+2.15%)",Buy,4,BK [F],OD [D],RG
14:32:08,MAPI,"1,190 (+2.15%)",Buy,2,YU [F],OD [D],RG
14:32:07,MAPI,"1,185 (+1.72%)",Sell,7,YU [F],XL [D],RG
14:31:33,MAPI,"1,185 (+1.72%)",Sell,3,YU [F],BB [D],RG
14:31:22,MAPI,"1,190 (+2.15%)",Buy,6,YU [F],OD [D],RG
14:31:22,MAPI,"1,185 (+1.72%)",Sell,1,YU [F],CP [D],RG
14:30:44,MAPI,"1,190 (+2.15%)",Buy,23,BK [F],OD [D],RG
14:30:36,MAPI,"1,190 (+2.15%)",Buy,13,YU [F],OD [D],RG
14:30:36,MAPI,"1,190 (+2.15%)",Buy,178,YU [F],BB [D],RG
14:30:36,MAPI,"1,190 (+2.15%)",Buy,162,KZ [F],BB [D],RG
14:30:36,MAPI,"1,190 (+2.15%)",Buy,20,KZ [F],TP [F],RG
14:30:36,MAPI,"1,190 (+2.15%)",Buy,3,KZ [F],XL [D],RG
14:30:36,MAPI,"1,190 (+2.15%)",Buy,9,KZ [F],TP [F],RG
14:30:36,MAPI,"1,190 (+2.15%)",Buy,32,KZ [F],CC [F],RG
14:30:36,MAPI,"1,190 (+2.15%)",Buy,2,KZ [F],YP [D],RG
14:30:36,MAPI,"1,190 (+2.15%)",Buy,22,KZ [F],TP [F],RG
14:30:36,MAPI,"1,190 (+2.15%)",Buy,126,KZ [F],NI [D],RG
14:30:36,MAPI,"1,190 (+2.15%)",Buy,10,KZ [F],TP [F],RG
14:30:36,MAPI,"1,190 (+2.15%)",Buy,12,KZ [F],XL [D],RG
14:30:36,MAPI,"1,190 (+2.15%)",Buy,225,KZ [F],TP [F],RG
14:30:36,MAPI,"1,190 (+2.15%)",Buy,145,KZ [F],TP [F],RG
14:30:36,MAPI,"1,190 (+2.15%)",Buy,11,KZ [F],TP [F],RG
14:30:36,MAPI,"1,190 (+2.15%)",Buy,15,KZ [F],TP [F],RG
14:30:36,MAPI,"1,190 (+2.15%)",Buy,37,KZ [F],TP [F],RG
14:30:34,MAPI,"1,190 (+2.15%)",Buy,15,XL [D],TP [F],RG
14:30:33,MAPI,"1,190 (+2.15%)",Buy,25,BK [F],TP [F],RG
14:30:33,MAPI,"1,190 (+2.15%)",Buy,115,YU [F],TP [F],RG
14:30:32,MAPI,"1,190 (+2.15%)",Buy,239,XC [D],TP [F],RG
14:30:32,MAPI,"1,190 (+2.15%)",Buy,65,XC [D],BB [D],RG
14:30:32,MAPI,"1,190 (+2.15%)",Buy,164,XC [D],BB [D],RG
14:30:32,MAPI,"1,190 (+2.15%)",Buy,32,XC [D],BK [F],RG
14:30:28,MAPI,"1,190 (+2.15%)",Buy,1,CC [D],BK [F],RG
14:30:17,MAPI,"1,190 (+2.15%)",Buy,1,BK [F],BK [F],RG
14:29:37,MAPI,"1,190 (+2.15%)",Buy,1,XC [D],BK [F],RG
14:29:28,MAPI,"1,190 (+2.15%)",Buy,21,BK [F],BK [F],RG
14:29:00,MAPI,"1,190 (+2.15%)",Buy,58,YU [F],BK [F],RG
14:29:00,MAPI,"1,185 (+1.72%)",Sell,149,YU [F],OD [D],RG
14:28:56,MAPI,"1,190 (+2.15%)",Buy,5,LG [D],BK [F],RG
14:28:39,MAPI,"1,190 (+2.15%)",Buy,24,BK [F],BK [F],RG
14:27:21,MAPI,"1,190 (+2.15%)",Buy,9,KZ [F],BK [F],RG
14:27:21,MAPI,"1,190 (+2.15%)",Buy,28,KZ [F],BK [F],RG
14:27:21,MAPI,"1,190 (+2.15%)",Buy,14,KZ [F],BK [F],RG
14:27:21,MAPI,"1,190 (+2.15%)",Buy,7,KZ [F],CC [F],RG
14:27:21,MAPI,"1,190 (+2.15%)",Buy,17,KZ [F],CC [F],RG
14:27:18,MAPI,"1,190 (+2.15%)",Buy,10,YP [D],CC [F],RG
14:27:11,MAPI,"1,190 (+2.15%)",Buy,14,YU [F],CC [F],RG
14:27:11,MAPI,"1,185 (+1.72%)",Sell,65,YU [F],BB [D],RG
14:26:35,MAPI,"1,185 (+1.72%)",Sell,1,YU [F],XL [D],RG
14:26:23,MAPI,"1,190 (+2.15%)",Buy,36,YU [F],CC [F],RG
14:26:23,MAPI,"1,190 (+2.15%)",Buy,8,YU [F],CC [F],RG
14:26:22,MAPI,"1,190 (+2.15%)",Buy,31,DR [D],CC [F],RG
14:26:22,MAPI,"1,190 (+2.15%)",Buy,108,DR [D],CC [F],RG
14:26:22,MAPI,"1,190 (+2.15%)",Buy,61,DR [D],CC [F],RG
14:26:18,MAPI,"1,190 (+2.15%)",Buy,40,YU [F],CC [F],RG
14:26:17,MAPI,"1,185 (+1.72%)",Sell,171,YU [F],BB [D],RG
14:25:53,MAPI,"1,190 (+2.15%)",Buy,7,DR [D],CC [F],RG
14:25:53,MAPI,"1,190 (+2.15%)",Buy,3,DR [D],CC [F],RG
14:25:35,MAPI,"1,190 (+2.15%)",Buy,39,YU [F],CC [F],RG
14:25:34,MAPI,"1,185 (+1.72%)",Sell,154,YU [F],CC [F],RG
14:25:18,MAPI,"1,190 (+2.15%)",Buy,15,BK [F],CC [F],RG
14:25:18,MAPI,"1,190 (+2.15%)",Buy,3,BK [F],BB [D],RG
14:25:18,MAPI,"1,190 (+2.15%)",Buy,5,BK [F],BB [D],RG
14:24:59,MAPI,"1,190 (+2.15%)",Buy,188,YU [F],BK [F],RG
14:24:58,MAPI,"1,185 (+1.72%)",Sell,847,YU [F],PD [D],RG
14:24:40,MAPI,"1,190 (+2.15%)",Buy,2,KK [D],BK [F],RG
14:24:14,MAPI,"1,190 (+2.15%)",Buy,10,YP [D],BK [F],RG
14:24:00,MAPI,"1,190 (+2.15%)",Buy,42,YU [F],BK [F],RG
14:24:00,MAPI,"1,185 (+1.72%)",Sell,71,YU [F],OD [D],RG
14:24:00,MAPI,"1,185 (+1.72%)",Sell,22,BK [F],OD [D],RG
14:24:00,MAPI,"1,185 (+1.72%)",Sell,20,BK [F],OD [D],RG
14:24:00,MAPI,"1,185 (+1.72%)",Sell,68,AK [F],OD [D],RG
14:23:59,MAPI,"1,190 (+2.15%)",Buy,11,DR [D],BK [F],RG
14:23:04,MAPI,"1,190 (+2.15%)",Buy,34,YU [F],BK [F],RG
14:23:03,MAPI,"1,185 (+1.72%)",Sell,153,AK [F],CC [F],RG
14:22:45,MAPI,"1,190 (+2.15%)",Buy,17,YU [F],BK [F],RG
14:22:44,MAPI,"1,185 (+1.72%)",Sell,68,AK [F],BB [D],RG
14:22:42,MAPI,"1,190 (+2.15%)",Buy,2,XL [D],BK [F],RG
14:21:49,MAPI,"1,190 (+2.15%)",Buy,10,CC [D],BK [F],RG
14:20:53,MAPI,"1,190 (+2.15%)",Buy,34,YU [F],BK [F],RG
14:20:52,MAPI,"1,185 (+1.72%)",Sell,154,AK [F],CC [F],RG
14:20:19,MAPI,"1,190 (+2.15%)",Buy,2,YU [F],BK [F],RG
14:20:19,MAPI,"1,185 (+1.72%)",Sell,6,AK [F],XL [D],RG
14:20:14,MAPI,"1,190 (+2.15%)",Buy,21,YU [F],BK [F],RG
14:20:14,MAPI,"1,185 (+1.72%)",Sell,96,AK [F],AZ [D],RG
14:19:39,MAPI,"1,190 (+2.15%)",Buy,1,YU [F],BK [F],RG
14:19:38,MAPI,"1,185 (+1.72%)",Sell,7,AK [F],CC [D],RG
14:19:12,MAPI,"1,185 (+1.72%)",Sell,1,AK [F],XL [D],RG
14:18:35,MAPI,"1,190 (+2.15%)",Buy,34,YU [F],BK [F],RG
14:18:35,MAPI,"1,185 (+1.72%)",Sell,154,AK [F],CC [F],RG
14:18:21,MAPI,"1,190 (+2.15%)",Buy,15,YU [F],BK [F],RG
14:18:21,MAPI,"1,185 (+1.72%)",Sell,66,AK [F],BB [D],RG
14:18:18,MAPI,"1,190 (+2.15%)",Buy,23,YU [F],BK [F],RG
14:18:18,MAPI,"1,190 (+2.15%)",Buy,100,YP [D],BK [F],RG
14:17:53,MAPI,"1,190 (+2.15%)",Buy,4,XC [D],BK [F],RG
14:16:36,MAPI,"1,190 (+2.15%)",Buy,1,CC [D],BK [F],RG
14:16:33,MAPI,"1,190 (+2.15%)",Buy,11,YU [F],BK [F],RG
14:16:32,MAPI,"1,190 (+2.15%)",Buy,50,XC [D],BK [F],RG
14:16:29,MAPI,"1,190 (+2.15%)",Buy,33,YU [F],BK [F],RG
14:16:28,MAPI,"1,185 (+1.72%)",Sell,154,AK [F],CC [F],RG
14:15:16,MAPI,"1,190 (+2.15%)",Buy,3,YU [F],BK [F],RG
14:15:15,MAPI,"1,185 (+1.72%)",Sell,11,AK [F],PD [D],RG
14:14:32,MAPI,"1,190 (+2.15%)",Buy,34,YU [F],BK [F],RG
14:14:31,MAPI,"1,185 (+1.72%)",Sell,154,AK [F],CC [F],RG
14:14:26,MAPI,"1,190 (+2.15%)",Buy,22,YU [F],BK [F],RG
14:14:26,MAPI,"1,190 (+2.15%)",Buy,75,XC [D],BK [F],RG
14:14:26,MAPI,"1,190 (+2.15%)",Buy,25,XC [D],HD [F],RG
14:14:03,MAPI,"1,190 (+2.15%)",Buy,10,YU [F],HD [F],RG
14:14:03,MAPI,"1,185 (+1.72%)",Sell,43,AK [F],BB [D],RG
14:13:27,MAPI,"1,190 (+2.15%)",Buy,5,XL [D],HD [F],RG
14:12:24,MAPI,"1,190 (+2.15%)",Buy,23,YU [F],HD [F],RG
14:12:24,MAPI,"1,190 (+2.15%)",Buy,11,YU [F],HD [F],RG
14:12:23,MAPI,"1,185 (+1.72%)",Sell,154,AK [F],CC [F],RG
14:12:19,MAPI,"1,190 (+2.15%)",Buy,7,YU [F],HD [F],RG
14:12:18,MAPI,"1,185 (+1.72%)",Sell,32,AK [F],XL [D],RG
14:11:29,MAPI,"1,185 (+1.72%)",Sell,136,AK [F],TP [F],RG
14:11:29,MAPI,"1,185 (+1.72%)",Sell,1,BK [F],TP [F],RG
14:11:29,MAPI,"1,185 (+1.72%)",Sell,24,BK [F],TP [F],RG
14:11:29,MAPI,"1,185 (+1.72%)",Sell,28,BK [F],TP [F],RG
14:11:29,MAPI,"1,185 (+1.72%)",Sell,24,BK [F],TP [F],RG
14:11:29,MAPI,"1,185 (+1.72%)",Sell,17,XL [D],TP [F],RG
14:11:29,MAPI,"1,185 (+1.72%)",Sell,3,CC [D],TP [F],RG
14:11:29,MAPI,"1,185 (+1.72%)",Sell,1,CC [D],TP [F],RG
14:11:29,MAPI,"1,185 (+1.72%)",Sell,3,XL [D],TP [F],RG
14:11:29,MAPI,"1,185 (+1.72%)",Sell,1,XL [D],TP [F],RG
14:11:29,MAPI,"1,185 (+1.72%)",Sell,1,PD [D],TP [F],RG
14:11:29,MAPI,"1,185 (+1.72%)",Sell,24,BK [F],TP [F],RG
14:11:29,MAPI,"1,185 (+1.72%)",Sell,500,XC [D],TP [F],RG
14:11:29,MAPI,"1,185 (+1.72%)",Sell,7,XL [D],TP [F],RG
14:11:29,MAPI,"1,185 (+1.72%)",Sell,1,PD [D],TP [F],RG
14:11:29,MAPI,"1,185 (+1.72%)",Sell,1,OD [D],TP [F],RG
14:11:29,MAPI,"1,185 (+1.72%)",Sell,10,KK [D],TP [F],RG
14:11:29,MAPI,"1,185 (+1.72%)",Sell,30,DR [D],TP [F],RG
14:11:29,MAPI,"1,185 (+1.72%)",Sell,10,XC [D],TP [F],RG
14:11:29,MAPI,"1,185 (+1.72%)",Sell,24,BK [F],TP [F],RG
14:11:29,MAPI,"1,185 (+1.72%)",Sell,21,BK [F],TP [F],RG
14:11:29,MAPI,"1,185 (+1.72%)",Sell,25,BK [F],TP [F],RG
14:11:28,MAPI,"1,190 (+2.15%)",Sell,123,AK [F],AK [F],RG
14:11:28,MAPI,"1,190 (+2.15%)",Sell,24,BK [F],CC [F],RG
14:11:28,MAPI,"1,190 (+2.15%)",Sell,1,CC [F],CC [F],RG
14:11:28,MAPI,"1,190 (+2.15%)",Sell,23,KZ [F],CC [F],RG
14:11:28,MAPI,"1,190 (+2.15%)",Sell,23,BK [F],CC [F],RG
14:11:28,MAPI,"1,190 (+2.15%)",Sell,24,BK [F],CC [F],RG
14:11:28,MAPI,"1,190 (+2.15%)",Sell,23,BK [F],CC [F],RG
14:11:28,MAPI,"1,190 (+2.15%)",Sell,21,KZ [F],CC [F],RG
14:11:28,MAPI,"1,190 (+2.15%)",Sell,53,ZP [F],CC [F],RG
14:11:28,MAPI,"1,190 (+2.15%)",Sell,8,KZ [F],CC [F],RG
14:11:28,MAPI,"1,190 (+2.15%)",Sell,1,YP [D],CC [F],RG
14:11:28,MAPI,"1,190 (+2.15%)",Sell,23,BK [F],CC [F],RG
14:11:28,MAPI,"1,190 (+2.15%)",Sell,177,KZ [F],CC [F],RG
14:11:28,MAPI,"1,190 (+2.15%)",Sell,1,BK [F],CC [F],RG
14:11:28,MAPI,"1,190 (+2.15%)",Sell,24,BK [F],CC [F],RG
14:11:28,MAPI,"1,190 (+2.15%)",Sell,26,BK [F],CC [F],RG
14:11:28,MAPI,"1,190 (+2.15%)",Sell,25,BK [F],CC [F],RG
14:11:28,MAPI,"1,190 (+2.15%)",Sell,454,AK [F],CC [F],RG
14:11:28,MAPI,"1,190 (+2.15%)",Sell,100,KZ [F],CC [F],RG
14:11:28,MAPI,"1,190 (+2.15%)",Sell,13,AK [F],CC [F],RG
14:11:28,MAPI,"1,190 (+2.15%)",Sell,24,BK [F],CC [F],RG
14:11:28,MAPI,"1,190 (+2.15%)",Sell,2,AK [F],CC [F],RG
14:11:28,MAPI,"1,190 (+2.15%)",Sell,23,BK [F],CC [F],RG
14:11:28,MAPI,"1,190 (+2.15%)",Sell,72,KZ [F],CC [F],RG
14:11:28,MAPI,"1,190 (+2.15%)",Sell,50,PD [D],CC [F],RG
14:11:28,MAPI,"1,190 (+2.15%)",Sell,264,ZP [F],CC [F],RG
14:11:28,MAPI,"1,190 (+2.15%)",Sell,227,KZ [F],CC [F],RG
14:11:28,MAPI,"1,190 (+2.15%)",Sell,23,BK [F],CC [F],RG
14:11:28,MAPI,"1,190 (+2.15%)",Sell,24,BK [F],CC [F],RG
14:11:28,MAPI,"1,190 (+2.15%)",Sell,750,YU [F],CC [F],RG
14:11:28,MAPI,"1,190 (+2.15%)",Sell,685,KZ [F],CC [F],RG
14:11:28,MAPI,"1,190 (+2.15%)",Sell,23,BK [F],CC [F],RG
14:11:28,MAPI,"1,190 (+2.15%)",Sell,23,BK [F],CC [F],RG
14:11:28,MAPI,"1,190 (+2.15%)",Sell,1,BK [F],CC [F],RG
14:11:28,MAPI,"1,190 (+2.15%)",Sell,13,AK [F],CC [F],RG
14:11:28,MAPI,"1,190 (+2.15%)",Sell,24,AK [F],CC [F],RG
14:11:28,MAPI,"1,190 (+2.15%)",Sell,78,AK [F],CC [F],RG
14:11:28,MAPI,"1,190 (+2.15%)",Sell,8,AK [F],CC [F],RG
14:11:28,MAPI,"1,190 (+2.15%)",Sell,112,AK [F],CC [F],RG
14:11:28,MAPI,"1,190 (+2.15%)",Sell,5,AK [F],CC [F],RG
14:11:28,MAPI,"1,190 (+2.15%)",Sell,157,AK [F],CC [F],RG
14:11:27,MAPI,"1,190 (+2.15%)",Sell,600,AK [F],CP [D],RG
14:10:51,MAPI,"1,195 (+2.58%)",Buy,5,XC [D],CC [F],RG
14:10:27,MAPI,"1,190 (+2.15%)",Sell,154,AK [F],CC [F],RG
14:09:39,MAPI,"1,195 (+2.58%)",Buy,19,AK [F],CC [F],RG
14:09:39,MAPI,"1,195 (+2.58%)",Buy,9,AK [F],CC [F],RG
14:08:40,MAPI,"1,195 (+2.58%)",Buy,1,YP [D],CC [F],RG
14:08:12,MAPI,"1,190 (+2.15%)",Sell,3,AK [F],XL [D],RG
14:07:53,MAPI,"1,190 (+2.15%)",Sell,5,AK [F],NI [D],RG
14:07:53,MAPI,"1,190 (+2.15%)",Sell,5,AK [F],NI [D],RG
14:07:07,MAPI,"1,195 (+2.58%)",Buy,24,AK [F],CC [F],RG
14:06:32,MAPI,"1,190 (+2.15%)",Sell,5,AK [F],PD [D],RG
14:06:15,MAPI,"1,195 (+2.58%)",Buy,1,XL [D],CC [F],RG
14:05:14,MAPI,"1,190 (+2.15%)",Sell,57,BK [F],BK [F],RG
14:05:14,MAPI,"1,190 (+2.15%)",Sell,407,AG [F],BK [F],RG
14:05:14,MAPI,"1,190 (+2.15%)",Sell,59,BK [F],BK [F],RG
14:05:14,MAPI,"1,190 (+2.15%)",Sell,66,BK [F],BK [F],RG
14:05:14,MAPI,"1,190 (+2.15%)",Sell,14,BK [F],TP [F],RG
14:05:14,MAPI,"1,190 (+2.15%)",Sell,36,BK [F],TP [F],RG
14:05:14,MAPI,"1,190 (+2.15%)",Sell,10,AK [F],TP [F],RG
14:05:14,MAPI,"1,190 (+2.15%)",Sell,722,KZ [F],TP [F],RG
14:05:11,MAPI,"1,190 (+2.15%)",Buy,20,KZ [F],CC [F],RG
14:05:11,MAPI,"1,190 (+2.15%)",Buy,53,KZ [F],BB [D],RG
14:05:11,MAPI,"1,190 (+2.15%)",Buy,20,KZ [F],CC [F],RG
14:05:11,MAPI,"1,190 (+2.15%)",Buy,75,KZ [F],OD [D],RG
14:05:11,MAPI,"1,190 (+2.15%)",Buy,48,KZ [F],OD [D],RG
14:05:11,MAPI,"1,190 (+2.15%)",Buy,33,KZ [F],CC [F],RG
14:05:11,MAPI,"1,190 (+2.15%)",Buy,60,KZ [F],CC [F],RG
14:05:11,MAPI,"1,190 (+2.15%)",Buy,222,KZ [F],TP [F],RG
14:05:11,MAPI,"1,190 (+2.15%)",Buy,40,KZ [F],CC [F],RG
14:05:11,MAPI,"1,190 (+2.15%)",Buy,20,KZ [F],BK [F],RG
14:05:10,MAPI,"1,190 (+2.15%)",Buy,322,YU [F],BK [F],RG
14:05:10,MAPI,"1,190 (+2.15%)",Buy,1,YU [F],XL [D],RG
14:05:10,MAPI,"1,190 (+2.15%)",Buy,21,YU [F],XC [D],RG
14:05:10,MAPI,"1,190 (+2.15%)",Buy,41,YU [F],XL [D],RG
14:05:10,MAPI,"1,190 (+2.15%)",Buy,231,YU [F],CC [F],RG
14:05:10,MAPI,"1,190 (+2.15%)",Buy,6,YU [F],YP [D],RG
14:05:10,MAPI,"1,190 (+2.15%)",Buy,128,YU [F],XL [D],RG
14:05:06,MAPI,"1,190 (+2.15%)",Buy,9,KZ [F],XL [D],RG
14:05:06,MAPI,"1,190 (+2.15%)",Buy,26,KZ [F],XL [D],RG
14:05:06,MAPI,"1,190 (+2.15%)",Buy,3,KZ [F],YP [D],RG
14:05:06,MAPI,"1,190 (+2.15%)",Buy,6,KZ [F],YP [D],RG
14:05:06,MAPI,"1,190 (+2.15%)",Buy,2,KZ [F],GR [D],RG
14:05:06,MAPI,"1,190 (+2.15%)",Buy,6,KZ [F],CC [D],RG
14:05:06,MAPI,"1,190 (+2.15%)",Buy,9,KZ [F],CC [D],RG
14:05:06,MAPI,"1,190 (+2.15%)",Buy,53,KZ [F],BB [D],RG
14:05:06,MAPI,"1,190 (+2.15%)",Buy,337,KZ [F],BB [D],RG
14:05:06,MAPI,"1,190 (+2.15%)",Buy,295,KZ [F],TP [F],RG
14:05:06,MAPI,"1,190 (+2.15%)",Buy,68,KZ [F],TP [F],RG
14:05:06,MAPI,"1,190 (+2.15%)",Buy,75,KZ [F],OD [D],RG
14:05:06,MAPI,"1,190 (+2.15%)",Buy,77,KZ [F],AZ [D],RG
14:05:02,MAPI,"1,190 (+2.15%)",Buy,116,YU [F],AZ [D],RG
14:05:02,MAPI,"1,190 (+2.15%)",Buy,150,YU [F],DX [D],RG
14:05:02,MAPI,"1,190 (+2.15%)",Buy,5,YU [F],XC [D],RG
14:05:02,MAPI,"1,190 (+2.15%)",Buy,1,YU [F],YP [D],RG
14:05:02,MAPI,"1,190 (+2.15%)",Buy,20,YU [F],CC [D],RG
14:05:02,MAPI,"1,190 (+2.15%)",Buy,10,YU [F],CC [D],RG
14:05:02,MAPI,"1,190 (+2.15%)",Buy,1,YU [F],CC [D],RG
14:05:02,MAPI,"1,190 (+2.15%)",Buy,1,YU [F],XL [D],RG
14:05:02,MAPI,"1,190 (+2.15%)",Buy,10,YU [F],SQ [D],RG
14:05:02,MAPI,"1,190 (+2.15%)",Buy,436,YU [F],DX [D],RG
14:04:57,MAPI,"1,190 (+2.15%)",Buy,23,AK [F],DX [D],RG
14:04:47,MAPI,"1,190 (+2.15%)",Buy,56,AG [F],DX [D],RG
14:04:24,MAPI,"1,185 (+1.72%)",Sell,1,KZ [F],BB [D],RG
14:04:11,MAPI,"1,190 (+2.15%)",Buy,25,AK [F],DX [D],RG
14:04:00,MAPI,"1,185 (+1.72%)",Sell,148,KZ [F],OD [D],RG
14:03:24,MAPI,"1,190 (+2.15%)",Buy,25,AK [F],DX [D],RG
14:03:10,MAPI,"1,185 (+1.72%)",Sell,154,KZ [F],CC [F],RG
14:02:41,MAPI,"1,190 (+2.15%)",Buy,28,AK [F],DX [D],RG
14:02:28,MAPI,"1,190 (+2.15%)",Buy,1,XL [D],DX [D],RG
14:02:10,MAPI,"1,190 (+2.15%)",Buy,53,AG [F],DX [D],RG
14:02:01,MAPI,"1,190 (+2.15%)",Buy,24,AK [F],DX [D],RG
14:01:48,MAPI,"1,185 (+1.72%)",Sell,33,KZ [F],CC [F],RG
14:01:48,MAPI,"1,185 (+1.72%)",Sell,5,AK [F],CC [F],RG
14:01:48,MAPI,"1,185 (+1.72%)",Sell,6,AK [F],CC [F],RG
14:01:48,MAPI,"1,185 (+1.72%)",Sell,113,YU [F],CC [F],RG
14:01:22,MAPI,"1,185 (+1.72%)",Sell,155,YU [F],CC [F],RG
14:00:56,MAPI,"1,185 (+1.72%)",Sell,154,YU [F],CC [F],RG
14:00:30,MAPI,"1,185 (+1.72%)",Sell,155,YU [F],CC [F],RG
14:00:09,MAPI,"1,190 (+2.15%)",Buy,159,AK [F],DX [D],RG
14:00:09,MAPI,"1,190 (+2.15%)",Buy,10,AK [F],NI [D],RG
14:00:09,MAPI,"1,190 (+2.15%)",Buy,10,AK [F],XL [D],RG
14:00:09,MAPI,"1,190 (+2.15%)",Buy,109,AK [F],YP [D],RG
14:00:09,MAPI,"1,185 (+1.72%)",Sell,62,YU [F],XC [D],RG
14:00:09,MAPI,"1,190 (+2.15%)",Buy,6,ZP [F],YP [D],RG
14:00:08,MAPI,"1,190 (+2.15%)",Buy,182,YP [D],YP [D],RG
14:00:08,MAPI,"1,185 (+1.72%)",Sell,10,YU [F],PD [D],RG
14:00:08,MAPI,"1,190 (+2.15%)",Buy,3,PD [D],YP [D],RG
14:00:07,MAPI,"1,185 (+1.72%)",Sell,1,YU [F],PD [D],RG
14:00:07,MAPI,"1,185 (+1.72%)",Sell,26,YU [F],XC [D],RG
14:00:06,MAPI,"1,185 (+1.72%)",Sell,1,YU [F],PD [D],RG
14:00:06,MAPI,"1,185 (+1.72%)",Sell,1,YU [F],PD [D],RG
14:00:06,MAPI,"1,190 (+2.15%)",Buy,9,XL [D],YP [D],RG
14:00:05,MAPI,"1,190 (+2.15%)",Buy,168,PD [D],YP [D],RG
14:00:05,MAPI,"1,185 (+1.72%)",Sell,179,YU [F],CC [F],RG
14:00:05,MAPI,"1,190 (+2.15%)",Buy,17,XL [D],YP [D],RG
14:00:04,MAPI,"1,190 (+2.15%)",Buy,1,XL [D],YP [D],RG
14:00:04,MAPI,"1,185 (+1.72%)",Sell,8,YU [F],XL [D],RG
14:00:03,MAPI,"1,190 (+2.15%)",Buy,5,KK [D],YP [D],RG
14:00:03,MAPI,"1,185 (+1.72%)",Sell,1,YU [F],PD [D],RG
11:29:55,MAPI,"1,185 (+1.72%)",Buy,48,YU [F],BB [D],RG
11:29:55,MAPI,"1,185 (+1.72%)",Buy,2,YU [F],PD [D],RG
11:29:55,MAPI,"1,185 (+1.72%)",Buy,14,YU [F],SQ [D],RG
11:29:55,MAPI,"1,185 (+1.72%)",Buy,10,YU [F],EP [D],RG
11:29:55,MAPI,"1,185 (+1.72%)",Buy,42,YU [F],XL [D],RG
11:29:55,MAPI,"1,185 (+1.72%)",Buy,12,YU [F],BB [D],RG
11:29:55,MAPI,"1,185 (+1.72%)",Buy,6,YU [F],SQ [D],RG
11:29:51,MAPI,"1,185 (+1.72%)",Buy,8,ZP [F],SQ [D],RG
11:29:51,MAPI,"1,185 (+1.72%)",Buy,1,ZP [F],YP [D],RG
11:29:51,MAPI,"1,185 (+1.72%)",Buy,21,ZP [F],BK [F],RG
11:29:51,MAPI,"1,185 (+1.72%)",Buy,5,ZP [F],CC [D],RG
11:29:51,MAPI,"1,185 (+1.72%)",Buy,26,ZP [F],BB [D],RG
11:29:51,MAPI,"1,185 (+1.72%)",Buy,24,BK [F],BB [D],RG
11:29:50,MAPI,"1,180 (+1.29%)",Sell,7,YU [F],CC [F],RG
11:29:50,MAPI,"1,180 (+1.29%)",Sell,55,YU [F],CC [F],RG
11:29:50,MAPI,"1,180 (+1.29%)",Sell,108,YU [F],CC [F],RG
11:29:50,MAPI,"1,180 (+1.29%)",Sell,54,YU [F],CC [F],RG
11:29:43,MAPI,"1,185 (+1.72%)",Buy,18,BK [F],BB [D],RG
11:29:43,MAPI,"1,185 (+1.72%)",Buy,4,BK [F],BB [D],RG
11:29:28,MAPI,"1,180 (+1.29%)",Sell,84,YU [F],OD [D],RG
11:29:24,MAPI,"1,185 (+1.72%)",Buy,24,BK [F],BB [D],RG
11:29:15,MAPI,"1,180 (+1.29%)",Sell,33,YU [F],BB [D],RG
11:29:03,MAPI,"1,180 (+1.29%)",Sell,154,YU [F],CC [F],RG
11:28:58,MAPI,"1,180 (+1.29%)",Sell,14,YU [F],OD [D],RG
11:28:43,MAPI,"1,185 (+1.72%)",Buy,23,BK [F],BB [D],RG
11:28:36,MAPI,"1,180 (+1.29%)",Sell,42,YU [F],BB [D],RG
11:28:26,MAPI,"1,185 (+1.72%)",Buy,25,BK [F],BB [D],RG
11:28:21,MAPI,"1,180 (+1.29%)",Sell,96,YU [F],AZ [D],RG
11:28:14,MAPI,"1,180 (+1.29%)",Sell,70,YU [F],BB [D],RG
11:27:53,MAPI,"1,185 (+1.72%)",Buy,21,BK [F],BK [F],RG
11:27:52,MAPI,"1,185 (+1.72%)",Buy,21,BK [F],BK [F],RG
11:27:38,MAPI,"1,185 (+1.72%)",Buy,25,BK [F],BK [F],RG
11:27:31,MAPI,"1,185 (+1.72%)",Buy,1,XL [D],BK [F],RG
11:26:59,MAPI,"1,185 (+1.72%)",Buy,22,BK [F],BK [F],RG
11:26:52,MAPI,"1,185 (+1.72%)",Buy,1,XL [D],BK [F],RG
11:26:37,MAPI,"1,180 (+1.29%)",Sell,132,YU [F],BB [D],RG
11:26:05,MAPI,"1,180 (+1.29%)",Sell,75,YU [F],BB [D],RG
11:25:13,MAPI,"1,180 (+1.29%)",Sell,154,YU [F],CC [F],RG
11:23:42,MAPI,"1,180 (+1.29%)",Sell,809,YU [F],GR [D],RG
11:23:42,MAPI,"1,180 (+1.29%)",Sell,24,AK [F],GR [D],RG
11:23:42,MAPI,"1,180 (+1.29%)",Sell,1,CC [F],GR [D],RG
11:23:42,MAPI,"1,180 (+1.29%)",Sell,23,BK [F],GR [D],RG
11:23:42,MAPI,"1,180 (+1.29%)",Sell,24,BK [F],GR [D],RG
11:23:42,MAPI,"1,180 (+1.29%)",Sell,23,BK [F],GR [D],RG
11:23:42,MAPI,"1,180 (+1.29%)",Sell,322,KZ [F],GR [D],RG
11:23:23,MAPI,"1,180 (+1.29%)",Sell,20,KZ [F],YP [D],RG
11:22:42,MAPI,"1,180 (+1.29%)",Sell,182,KZ [F],BB [D],RG
11:22:00,MAPI,"1,180 (+1.29%)",Sell,50,KZ [F],OD [D],RG
11:21:42,MAPI,"1,180 (+1.29%)",Sell,71,KZ [F],BB [D],RG
11:21:22,MAPI,"1,180 (+1.29%)",Sell,153,KZ [F],CC [F],RG
11:20:41,MAPI,"1,180 (+1.29%)",Sell,14,KZ [F],PD [D],RG
11:20:32,MAPI,"1,180 (+1.29%)",Sell,96,KZ [F],AZ [D],RG
11:17:42,MAPI,"1,180 (+1.29%)",Sell,45,KZ [F],XL [D],RG
11:17:37,MAPI,"1,180 (+1.29%)",Sell,48,KZ [F],OD [D],RG
11:17:31,MAPI,"1,180 (+1.29%)",Sell,48,KZ [F],OD [D],RG
11:17:31,MAPI,"1,180 (+1.29%)",Sell,154,KZ [F],CC [F],RG
11:17:19,MAPI,"1,180 (+1.29%)",Sell,25,KZ [F],BB [D],RG
11:17:19,MAPI,"1,180 (+1.29%)",Sell,5,XL [D],BB [D],RG
11:17:19,MAPI,"1,180 (+1.29%)",Sell,1,PD [D],BB [D],RG
11:17:19,MAPI,"1,180 (+1.29%)",Sell,1,PD [D],BB [D],RG
11:17:19,MAPI,"1,180 (+1.29%)",Sell,1,PD [D],BB [D],RG
11:17:19,MAPI,"1,180 (+1.29%)",Sell,1,PD [D],BB [D],RG
11:17:19,MAPI,"1,180 (+1.29%)",Sell,12,AK [F],BB [D],RG
11:17:19,MAPI,"1,180 (+1.29%)",Sell,26,AK [F],BB [D],RG
11:16:12,MAPI,"1,185 (+1.72%)",Buy,14,PD [D],BK [F],RG
11:16:04,MAPI,"1,185 (+1.72%)",Buy,3,XL [D],BK [F],RG
11:15:28,MAPI,"1,180 (+1.29%)",Sell,414,AK [F],TP [F],RG
11:15:28,MAPI,"1,180 (+1.29%)",Sell,1,CC [F],TP [F],RG
11:15:28,MAPI,"1,180 (+1.29%)",Sell,22,AK [F],TP [F],RG
11:15:28,MAPI,"1,180 (+1.29%)",Sell,11,AK [F],TP [F],RG
11:15:28,MAPI,"1,180 (+1.29%)",Sell,23,BK [F],TP [F],RG
11:15:28,MAPI,"1,180 (+1.29%)",Sell,23,BK [F],TP [F],RG
11:15:28,MAPI,"1,180 (+1.29%)",Sell,211,KZ [F],TP [F],RG
11:14:53,MAPI,"1,180 (+1.29%)",Sell,81,KZ [F],BB [D],RG
11:14:05,MAPI,"1,180 (+1.29%)",Sell,237,KZ [F],AK [F],RG
11:14:05,MAPI,"1,180 (+1.29%)",Sell,755,KZ [F],YP [D],RG
11:14:05,MAPI,"1,180 (+1.29%)",Sell,1,DR [D],YP [D],RG
11:14:05,MAPI,"1,180 (+1.29%)",Sell,23,BK [F],YP [D],RG
11:14:05,MAPI,"1,180 (+1.29%)",Sell,2,AK [F],YP [D],RG
11:14:05,MAPI,"1,180 (+1.29%)",Sell,10,YP [D],YP [D],RG
11:14:05,MAPI,"1,180 (+1.29%)",Sell,23,AK [F],YP [D],RG
11:14:05,MAPI,"1,180 (+1.29%)",Sell,23,BK [F],YP [D],RG
11:14:05,MAPI,"1,180 (+1.29%)",Sell,23,BK [F],YP [D],RG
11:14:05,MAPI,"1,180 (+1.29%)",Sell,23,BK [F],YP [D],RG
11:14:05,MAPI,"1,180 (+1.29%)",Sell,555,PD [D],YP [D],RG
11:14:05,MAPI,"1,180 (+1.29%)",Sell,23,BK [F],YP [D],RG
11:14:05,MAPI,"1,180 (+1.29%)",Sell,23,BK [F],YP [D],RG
11:14:05,MAPI,"1,180 (+1.29%)",Sell,10,AK [F],YP [D],RG
11:14:05,MAPI,"1,180 (+1.29%)",Sell,1,XC [D],YP [D],RG
11:14:05,MAPI,"1,180 (+1.29%)",Sell,27,AK [F],YP [D],RG
11:14:05,MAPI,"1,180 (+1.29%)",Sell,6,AK [F],YP [D],RG
11:14:05,MAPI,"1,180 (+1.29%)",Sell,25,BK [F],YP [D],RG
11:14:05,MAPI,"1,180 (+1.29%)",Sell,463,AK [F],YP [D],RG
11:14:05,MAPI,"1,180 (+1.29%)",Sell,1,PD [D],YP [D],RG
11:14:05,MAPI,"1,180 (+1.29%)",Sell,24,BK [F],YP [D],RG
11:14:05,MAPI,"1,180 (+1.29%)",Sell,34,BK [F],YP [D],RG
11:14:05,MAPI,"1,180 (+1.29%)",Sell,1,BK [F],YP [D],RG
11:14:05,MAPI,"1,180 (+1.29%)",Sell,44,BK [F],YP [D],RG
11:14:05,MAPI,"1,180 (+1.29%)",Sell,170,AK [F],YP [D],RG
11:14:05,MAPI,"1,180 (+1.29%)",Sell,"1,18",KZ [F],YP [D],RG
11:13:53,MAPI,"1,180 (+1.29%)",Sell,154,KZ [F],CC [F],RG
11:13:36,MAPI,"1,185 (+1.72%)",Buy,22,BK [F],BK [F],RG
11:13:23,MAPI,"1,185 (+1.72%)",Buy,25,BK [F],BK [F],RG
11:12:54,MAPI,"1,180 (+1.29%)",Sell,71,KZ [F],BB [D],RG
11:12:24,MAPI,"1,185 (+1.72%)",Buy,2,XL [D],BK [F],RG
11:11:47,MAPI,"1,185 (+1.72%)",Buy,21,BK [F],BK [F],RG
11:11:46,MAPI,"1,185 (+1.72%)",Buy,22,BK [F],BK [F],RG
11:11:39,MAPI,"1,185 (+1.72%)",Buy,21,BK [F],BK [F],RG
11:11:06,MAPI,"1,180 (+1.29%)",Sell,4,KZ [F],XL [D],RG
11:11:00,MAPI,"1,180 (+1.29%)",Sell,69,KZ [F],OD [D],RG
11:10:13,MAPI,"1,180 (+1.29%)",Sell,153,KZ [F],CC [F],RG
11:10:07,MAPI,"1,185 (+1.72%)",Buy,22,BK [F],BK [F],RG
11:09:52,MAPI,"1,185 (+1.72%)",Buy,22,BK [F],BK [F],RG
11:08:30,MAPI,"1,180 (+1.29%)",Sell,41,KZ [F],BB [D],RG
11:08:30,MAPI,"1,180 (+1.29%)",Sell,31,ZP [D],BB [D],RG
11:08:01,MAPI,"1,185 (+1.72%)",Buy,23,BK [F],BK [F],RG
11:07:38,MAPI,"1,185 (+1.72%)",Buy,10,XL [D],BK [F],RG
11:07:00,MAPI,"1,180 (+1.29%)",Sell,69,ZP [D],CC [F],RG
11:07:00,MAPI,"1,180 (+1.29%)",Sell,23,BK [F],CC [F],RG
